3042 5084
549 547 759 607 ,67-

143 713 342 789 laudaverat)
367 711 469 774 οἰοεῑι·
492 705 556 796 ὅση
584 712 737 790 δύναμις.ί
770 716 822 790 (ol.
854 715 1013 778 Gottwald
1043 737 1072 799 p.
1099 717 1161 791 12).

135 817 198 880 Sed
221 822 325 880 utrunr
350 816 514 900 Oratylu'rn
538 817 686 900 respiciat
701 838 752 898 an,
775 816 859 901 quod
875 816 1022 900 equidem
1038 819 1157 899 malim,

136 920 297 1004 Gorgiam,
321 941 415 1003 quem
439 921 506 983 sine
529 920 625 983 dubio
649 921 736 984 novit
760 920 813 996 (el.
837 941 909 1004 pag.
933 923 977 1003 4),
1001 927 1086 986 oerte
1116 921 1162 985 di·

133 1022 265 1086 iudieari
295 1023 413 1106 nequit.
460 1022 509 1087 ef.
534 1023 619 1088 Orat.
644 1022 758 1088 4000:
794 1019 935 1102 ,καὶγὰρ
962 1021 1048 1107 σῆμά
1078 1028 1160 1091 τινές

134 1142 232 1202 μασιν
255 1117 333 1184 αὐτὸ
365 1124 484 1202 (σῶμα)
520 1116 600 1185 εἶναι
633 1122 686 1207 τῆς
714 1122 831 1206 ψυχῆς(
864 1131 897 1189 et
920 1127 1016 1210 Gorg.
1039 1126 1158 1192 493A:

132 1221 259 1310 ,ἥκουσα
284 1226 344 1288 ιών
368 1229 478 1306 σοφῶν
502 1228 555 1304 (ab
580 1228 750 1314 Orphiois),
774 1223 815 1296 ὥς
839 1226 894 1288 νῦν
923 1223 1011 1309 ἡμεῖς
1043 1232 1160 1291 τέθνα-

131 1351 192 1406 μεν
213 1330 265 1392 καὶ
287 1328 324 1390 τὸ
348 1328 408 1407 μὲν
428 1327 522 1408 ,σῶμά
546 1326 634 1390 ἐστιν
658 1324 733 1414 ἡμῖν
755 1329 862 1413 σημαέ
908 1331 971 1408 (ef.
993 1333 1075 1396 Plot.
1099 1331 1158 1413 IV,

132 1439 161 1516 8,
187 1437 222 1517 1;
246 1439 275 1499 3.

216 1538 362 1620 Denique
392 1538 471 1601 haee
500 1537 612 1601 Basilii
648 1539 745 1601 verba
779 1539 923 1602 conferas
958 1538 1053 1602 velim
1087 1561 1159 1602 eum

131 1641 268 1727 Oratyli:
292 1641 367 1706 Bas.
383 1641 445 1722 ΙΙΙ,
462 1641 569 1723 alud
590 1644 644 1705 12:
668 1643 723 1724 ,τίς
743 1637 802 1720 γάρ
818 1636 905 1702 ἐστιν
920 1634 1027 1723 ἀρειη,
1042 1641 1157 1712 νυκτός

128 1743 179 1803 καὶ
204 1737 321 1821 δμέρας
345 1740 386 1804 ἐν
407 1739 595 1818 διαχύσει
618 1752 697 1824 daeg
710 1743 749 1825 ης
765 1741 907 1823 φαιδρὸν
922 1742 974 1805 καὶ
987 1739 1159 1822 γεγανιόμε·

130 1867 187 1907 νον
209 1841 356 1924 διάγειν,
383 1885 421 1892 —
445 1853 477 1911 et
493 1847 578 1911 Orat.
596 1846 710 1912 4190:
734 1843 823 1928 ,χαρὰ
846 1845 883 1908 δὲ
902 1845 947 1929 τῇ
970 1841 1158 1923 διαχύσει

130 1950 309 2031 ...Αἴης
332 1943 409 2031 ῥοῆς
431 1950 499 2030 τῆς
523 1949 654 2031 ψυχῆς
677 1999 684 2014 .
710 1999 717 2014 .
741 1999 750 2015 .
772 1947 967 2032 κεκλημένη]

214 2052 277 2116 Sed
300 2059 406 2115 utrum
423 2051 560 2114 Basilius
577 2051 861 2136 Nazianzenusque
885 2051 1050 2137 Cratylum
1071 2053 1157 2136 lege·

128 2155 190 2218 rint
212 2177 253 2218 an
276 2176 350 2237 non,
373 2177 414 2218 ex
437 2155 585 2238 operibus
609 2175 718 2218 eorum
740 2176 805 2218 nou
823 2156 904 2218 satis
928 2162 1069 2239 apparet.
1131 2151 1136 2158 ’

213 2257 309 2342 Apud
333 2258 515 2341 Nyssenum
539 2258 616 2320 nihil
647 2264 813 2341 praeterea
845 2258 963 2340 inveni,
996 2258 1080 2342 quod
1117 2259 1158 2322 ad

129 2361 207 2424 alios
232 2361 374 2424 Platonis
398 2362 507 2425 reterri
531 2369 639 2445 posset
661 2361 813 2444 dialogos.
825 2362 847 2437 ¹)
893 2361 1039 2447 Apparet
1060 2361 1158 2444 igitur

127 2486 199 2527 eunr
223 2486 314 2528 usurn
346 2487 415 2528 esse
446 2464 495 2527 his
526 2487 583 2528 sex
605 2465 748 2528 Platonis
778 2464 928 2548 dialogis:
973 2464 1156 2550 Phaedone,

126 2566 282 2649 Phaedro,
306 2567 468 2650 Convivia,
491 2567 678 2653 Republica,
703 2567 846 2649 Timaeo,
870 2567 1009 2652 Uratylo.

210 2669 321 2752 Neque
342 2669 427 2753 apud
441 2669 597 2733 Basiliam
621 2676 707 2733 oerta
724 2675 852 2733 exstant
866 2668 1001 2752 vestigia
1020 2671 1153 2734 aliorum
1214 2681 1217 2686 '

126 2770 269 2834 Platonis
279 2772 456 2854 dialogrum
466 2771 1154 2857 exeeptisPhaedone,Phaedro,Republiea,

125 2873 270 2954 Timaeo,
293 2873 408 2956 quibus
432 2882 527 2937 antea
551 2895 624 2938 eum
640 2896 732 2936 usurn
749 2895 819 2938 esse
835 2874 1060 2938 demonstravi.
1092 2875 1155 2938 Sed

125 2995 317 3059 quamquam
341 2975 484 3057 offendit,
508 2976 591 3060 quod
615 2977 721 3040 nullae
745 2983 911 3060 praeterea
934 2976 1019 3060 apud
1034 2977 1152 3061 Nysae-

124 3097 199 3139 num
228 3077 446 3160 Basiliumque
483 3079 688 3141 inveniuntur
716 3079 860 3141 Platonis
898 3080 1074 3142 sententiae
1111 3100 1148 3142 ao

124 3181 272 3262 rationes,
297 3185 403 3242 tauron
426 3202 490 3243 non
514 3181 616 3243 solum
638 3180 706 3244 fieri
730 3188 845 3265 potest,
868 3187 904 3244 ut
926 3182 1004 3244 alios
1027 3203 1151 3265 quoque

124 3283 261 3367 legerint
283 3282 435 3366 dialogos,
465 3283 520 3347 sed
551 3285 646 3346 etiarn
672 3282 711 3346 de
734 3283 855 3347 Basilio
883 3284 1009 3368 probari
1042 3291 1156 3368 potest.

215 3453 233 3517 ¹)
252 3448 334 3502 Unus
353 3455 444 3504 exstat
465 3450 543 3502 loeus
563 3449 616 3516 ill,
636 3449 704 3502 len
722 3451 746 3516 6,
774 3451 822 3519 qui
849 3468 911 3503 oum
930 3450 1047 3503 Theaet.
1074 3451 1155 3503 nan

124 3538 281 3607 comparari
299 3543 401 3607 potest.
429 3539 575 3604 Nyssenus
594 3541 611 3592 l.
627 3557 650 3595 o.
670 3540 722 3592 ait:
742 3537 837 3608 ,ἐξέστι
855 3545 889 3611 τῇ
909 3533 1021 3609 διανοίη
1034 3536 1109 3606 ὁμοῦ
1127 3557 1156 3591 το

124 3620 174 3678 τὸν
193 3620 316 3703 οὐρανόν
334 3624 445 3702 θεωρεῖν
463 3629 512 3678 καὶ
531 3626 571 3678 ἐπὶ
590 3622 628 3680 τοὶ
647 3631 752 3703 πέρατα
778 3633 832 3678 τοῦ
854 3624 960 3695 κόσμου
985 3635 1048 3691 ταῖς
1072 3628 1154 3682 uole-

123 3711 331 3788 πραγμοσύναις
350 3712 515 3768 ἐντείνεσθαι
533 3718 581 3766 καὶ
601 3714 635 3768 οὐ
661 3709 816 3767 διασπᾶται
844 3713 908 3790 πρὸς
933 3711 1063 3779 τοσαύτη
1086 3710 1155 3783 μήκη

122 3795 155 3852 τό
173 3795 347 3874 θεωρητικὸν
365 3807 413 3863 τῆς
433 3808 526 3870 ψυχῆς
545 3795 769 3870 διατεινόμενον*
788 3800 866 3856 tSim.
880 3801 917 3867 ll,
930 3799 1014 3866 410.)
1034 3800 1154 3863 Quibus-

124 3903 186 3938 eum
214 3886 287 3939 conf.
317 3892 383 3938 sunt
406 3887 523 3940 Theaet.
551 3888 638 3941 verba
666 3887 764 3942 llssll:
792 3885 816 3949 ,ἡ
835 3883 948 3941 διάνοια
968 3932 974 3943 .
994 3932 1000 3944 ,
1020 3894 1152 3958 πανταχῇ

124 3976 233 4026 πέτεται
252 3966 326 4025 zarai
347 3967 552 4050 llivdapov‚·rd
571 3993 600 4028 τε
619 3981 669 4043 γᾶς
687 3973 816 4050 ὑπένερθε
834 3976 881 4026 καὶ
900 3967 935 4024 τὰ
954 3969 1064 4025 ἐπίπεδα
1090 3991 1153 4040 ηοω-

122 4066 271 4135 μετροῡσα,
291 4057 418 4134 οὐρανοῦ
430 4078 459 4113 τι
471 4053 537 4135 ὕπερ
552 4059 779 4138 ἀστηονομοῦσα,
792 4063 841 4113 καὶ
859 4067 953 4112 πᾶσαν
966 4057 1057 4124 πάντη
1069 4057 1155 4127 φύσιν

121 4144 287 4220 ἐρευνωμένη
305 4150 363 4204 τῶν
381 4141 472 4198 ὄντων
490 4145 611 4200 ἑκάστου
636 4141 708 4201 ὅλου
733 4149 767 4208 οἱς
793 4153 850 4199 τῶν
877 4142 955 4215 ἐγγύς
980 4140 1063 4200 οὐδὲν
1089 4164 1151 4213 συη-

122 4231 266 4291 καθιεῖσαῇ
313 4233 368 4288 Sed
398 4235 553 4287 eornrnunis
581 4243 609 4287 et
637 4236 771 4306 frequens
799 4235 869 4288 haee
897 4235 1038 4288 sententia
1066 4235 1154 4286 fuisse

123 4319 233 4373 videtur
252 4353 283 4360 —
305 4321 339 4374 ef.
355 4321 423 4378 Hor.
438 4322 528 4378 Carm.
544 4322 566 4389 l,
580 4323 664 4390 ⁶28,5:,
684 4323 785 4376 Aerias
798 4329 924 4376 tentasse
938 4322 1035 4375 dornos
1049 4322 1154 4375 animo-

122 4423 178 4476 que
196 4408 348 4462 rotundum
369 4409 543 4479 percurrisse
563 4409 677 4479 polum,‘
