<?xml version="1.0" encoding="UTF-8"?>
<!DOCTYPE html PUBLIC "-//W3C//DTD XHTML 1.0 Transitional//EN"
    "http://www.w3.org/TR/xhtml1/DTD/xhtml1-transitional.dtd">
<html xmlns="http://www.w3.org/1999/xhtml" xml:lang="en" lang="en">
 <head>
  <title>
</title>
<meta http-equiv="Content-Type" content="text/html;charset=utf-8" />
  <meta name='ocr-system' content='tesseract 3.04.00' />
  <meta name='ocr-capabilities' content='ocr_page ocr_carea ocr_par ocr_line ocrx_word'/>
</head>
<body>
  <div class='ocr_page' id='page_1' title='image "./debasiliogregor00grongoog_0070.png"; bbox 0 0 3042 5084; ppageno 0'>
   <div class='ocr_carea' id='block_1_1' title="bbox 746 541 956 602">
    <p class='ocr_par' dir='ltr' id='par_1_1' title="bbox 746 541 956 602">
     <span class='ocr_line' id='line_1_1' title="bbox 746 541 956 602; baseline 0 -18"><span class='ocrx_word' id='word_1_1' title='bbox 746 541 956 602; x_wconf 70' lang='lat'>..54-</span> 
     </span>
    </p>
   </div>
   <div class='ocr_carea' id='block_1_2' title="bbox 260 708 1404 3883">
    <p class='ocr_par' dir='ltr' id='par_1_2' title="bbox 260 708 1394 1596">
     <span class='ocr_line' id='line_1_2' title="bbox 339 708 1365 794; baseline -0.002 -22"><span class='ocrx_word' id='word_1_2' title='bbox 339 709 467 794; x_wconf 89' lang='lat' dir='ltr'>respioit</span> <span class='ocrx_word' id='word_1_3' title='bbox 489 710 573 773; x_wconf 92' lang='lat' dir='ltr'>looo:</span> <span class='ocrx_word' id='word_1_4' title='bbox 598 709 623 772; x_wconf 93' lang='lat' dir='ltr'>l.</span> <span class='ocrx_word' id='word_1_5' title='bbox 648 709 752 774; x_wconf 87' lang='grc' dir='ltr'>66οΑ</span> <span class='ocrx_word' id='word_1_6' title='bbox 776 713 806 790; x_wconf 81' lang='grc'>8,</span> <span class='ocrx_word' id='word_1_7' title='bbox 837 709 891 772; x_wconf 91' lang='lat' dir='ltr'>ubi</span> <span class='ocrx_word' id='word_1_8' title='bbox 921 710 1028 772; x_wconf 87' lang='lat' dir='ltr'>multis</span> <span class='ocrx_word' id='word_1_9' title='bbox 1058 708 1162 772; x_wconf 87' lang='lat' dir='ltr'>verbis</span> <span class='ocrx_word' id='word_1_10' title='bbox 1185 708 1365 770; x_wconf 78' lang='lat' dir='ltr'>fabularum</span> 
     </span>
     <span class='ocr_line' id='line_1_3' title="bbox 341 804 1366 896; baseline -0.002 -21"><span class='ocrx_word' id='word_1_11' title='bbox 341 812 569 896; x_wconf 82' lang='lat' dir='ltr'><strong>turpitudinem</strong></span> <span class='ocrx_word' id='word_1_12' title='bbox 603 813 742 896; x_wconf 77' lang='lat' dir='ltr'>exponit.</span> <span class='ocrx_word' id='word_1_13' title='bbox 789 805 947 890; x_wconf 78' lang='grc' dir='ltr'><strong><em>,Ἄριστον</em></strong></span> <span class='ocrx_word' id='word_1_14' title='bbox 981 804 1143 888; x_wconf 70' lang='grc' dir='ltr'>ὁμόνοιανί</span> <span class='ocrx_word' id='word_1_15' title='bbox 1177 832 1246 874; x_wconf 87' lang='lat' dir='ltr'>esse</span> <span class='ocrx_word' id='word_1_16' title='bbox 1280 810 1366 892; x_wconf 79' lang='lat' dir='ltr'>dicit,</span> 
     </span>
     <span class='ocr_line' id='line_1_4' title="bbox 260 905 1394 997; baseline 0.002 -24"><span class='ocrx_word' id='word_1_17' title='bbox 260 972 263 978; x_wconf 87' lang='grc'><em>,</em></span> <span class='ocrx_word' id='word_1_18' title='bbox 338 914 399 996; x_wconf 79' lang='grc' dir='ltr'><strong><em>,καὶ</em></strong></span> <span class='ocrx_word' id='word_1_19' title='bbox 414 905 451 974; x_wconf 77' lang='grc' dir='ltr'>τὰ</span> <span class='ocrx_word' id='word_1_20' title='bbox 470 919 666 996; x_wconf 76' lang='grc' dir='ltr'><strong><em>συμφρονεῖν</em></strong></span> <span class='ocrx_word' id='word_1_21' title='bbox 681 907 827 995; x_wconf 75' lang='grc' dir='ltr'><strong><em>ἀλλήλους</em></strong></span> <span class='ocrx_word' id='word_1_22' title='bbox 843 909 971 982; x_wconf 68' lang='grc' dir='ltr'>πόλεις*.</span> <span class='ocrx_word' id='word_1_23' title='bbox 1001 914 1065 978; x_wconf 85' lang='lat' dir='ltr'>Sed</span> <span class='ocrx_word' id='word_1_24' title='bbox 1080 914 1195 997; x_wconf 90' lang='lat' dir='ltr'>quibus</span> <span class='ocrx_word' id='word_1_25' title='bbox 1210 913 1366 997; x_wconf 86' lang='lat' dir='ltr'>exemplis</span> <span class='ocrx_word' id='word_1_26' title='bbox 1390 944 1394 949; x_wconf 90' lang='lat'><strong>·</strong></span> 
     </span>
     <span class='ocr_line' id='line_1_5' title="bbox 324 1005 1366 1096; baseline -0.004 -16"><span class='ocrx_word' id='word_1_27' title='bbox 324 1018 408 1081; x_wconf 80' lang='lat' dir='ltr'>illos</span> <span class='ocrx_word' id='word_1_28' title='bbox 441 1018 500 1080; x_wconf 91' lang='lat' dir='ltr'>hoo</span> <span class='ocrx_word' id='word_1_29' title='bbox 533 1018 672 1082; x_wconf 80' lang='lat' dir='ltr'>dooere?</span> <span class='ocrx_word' id='word_1_30' title='bbox 724 1005 810 1096; x_wconf 78' lang='grc' dir='ltr'><strong><em>,Ἆρα</em></strong></span> <span class='ocrx_word' id='word_1_31' title='bbox 840 1011 912 1086; x_wconf 81' lang='grc' dir='ltr'><strong><em>τοὺς</em></strong></span> <span class='ocrx_word' id='word_1_32' title='bbox 942 1016 1102 1094; x_wconf 73' lang='grc' dir='ltr'><strong><em>πολέμους</em></strong></span> <span class='ocrx_word' id='word_1_33' title='bbox 1131 1014 1272 1093; x_wconf 68' lang='grc' dir='ltr'><strong><em>λέγοντες</em></strong></span> <span class='ocrx_word' id='word_1_34' title='bbox 1302 1013 1366 1076; x_wconf 75' lang='grc' dir='ltr'>τῶν</span> 
     </span>
     <span class='ocr_line' id='line_1_6' title="bbox 337 1113 1365 1205; baseline -0.001 -22"><span class='ocrx_word' id='word_1_35' title='bbox 337 1121 433 1200; x_wconf 73' lang='grc' dir='ltr'><strong><em>θεῶν,</em></strong></span> <span class='ocrx_word' id='word_1_36' title='bbox 453 1120 504 1182; x_wconf 79' lang='grc' dir='ltr'>καὶ</span> <span class='ocrx_word' id='word_1_37' title='bbox 529 1113 582 1188; x_wconf 78' lang='grc' dir='ltr'>τὰς</span> <span class='ocrx_word' id='word_1_38' title='bbox 607 1118 759 1203; x_wconf 51' lang='grc' dir='ltr'><strong><em>σοὰσειςῆ</em></strong></span> <span class='ocrx_word' id='word_1_39' title='bbox 783 1126 843 1185; x_wconf 88' lang='lat' dir='ltr'>eto.</span> <span class='ocrx_word' id='word_1_40' title='bbox 880 1122 987 1205; x_wconf 90' lang='lat' dir='ltr'>lpsum</span> <span class='ocrx_word' id='word_1_41' title='bbox 1014 1126 1122 1184; x_wconf 91' lang='lat' dir='ltr'>autem</span> <span class='ocrx_word' id='word_1_42' title='bbox 1147 1121 1314 1183; x_wconf 81' lang='lat' dir='ltr'>Platonem</span> <span class='ocrx_word' id='word_1_43' title='bbox 1339 1120 1365 1201; x_wconf 94' lang='lat' dir='ltr'>l,</span> 
     </span>
     <span class='ocr_line' id='line_1_7' title="bbox 341 1212 1363 1306; baseline -0.008 -17"><span class='ocrx_word' id='word_1_44' title='bbox 341 1226 422 1289; x_wconf 81' lang='lat'>1205</span> <span class='ocrx_word' id='word_1_45' title='bbox 434 1224 465 1286; x_wconf 85' lang='grc' dir='ltr'><strong>Α</strong></span> <span class='ocrx_word' id='word_1_46' title='bbox 489 1226 507 1286; x_wconf 83' lang='lat'>5</span> <span class='ocrx_word' id='word_1_47' title='bbox 524 1223 680 1306; x_wconf 86' lang='lat' dir='ltr'>intellegit</span> <span class='ocrx_word' id='word_1_48' title='bbox 694 1224 815 1287; x_wconf 83' lang='lat' dir='ltr'>verbis:</span> <span class='ocrx_word' id='word_1_49' title='bbox 851 1220 933 1304; x_wconf 83' lang='grc' dir='ltr'><em>,ἐρίῳ</em></span> <span class='ocrx_word' id='word_1_50' title='bbox 958 1228 1087 1304; x_wconf 55' lang='lat' dir='ltr'>arduam,</span> <span class='ocrx_word' id='word_1_51' title='bbox 1111 1212 1151 1290; x_wconf 75' lang='grc' dir='ltr'>ὥς</span> <span class='ocrx_word' id='word_1_52' title='bbox 1170 1241 1216 1288; x_wconf 81' lang='grc' dir='ltr'>τις</span> <span class='ocrx_word' id='word_1_53' title='bbox 1233 1217 1363 1282; x_wconf 75' lang='grc' dir='ltr'><em>ἐκείνων</em></span> 
     </span>
     <span class='ocr_line' id='line_1_8' title="bbox 337 1319 1365 1413; baseline -0.002 -25"><span class='ocrx_word' id='word_1_54' title='bbox 337 1319 396 1388; x_wconf 83' lang='grc' dir='ltr'>τὸν</span> <span class='ocrx_word' id='word_1_55' title='bbox 426 1320 573 1406; x_wconf 55' lang='grc' dir='ltr'><strong><em>ποιητήν(</em></strong></span> <span class='ocrx_word' id='word_1_56' title='bbox 599 1364 648 1390; x_wconf 81' lang='lat'>—.</span> <span class='ocrx_word' id='word_1_57' title='bbox 673 1325 876 1413; x_wconf 67' lang='lat' dir='ltr'>Platoenim</span> <span class='ocrx_word' id='word_1_58' title='bbox 900 1327 931 1388; x_wconf 92' lang='lat' dir='ltr'>in</span> <span class='ocrx_word' id='word_1_59' title='bbox 948 1326 1028 1409; x_wconf 88' lang='lat' dir='ltr'>Rep.</span> <span class='ocrx_word' id='word_1_60' title='bbox 1045 1324 1150 1388; x_wconf 81' lang='grc' dir='ltr'>398Α</span> <span class='ocrx_word' id='word_1_61' title='bbox 1172 1324 1365 1405; x_wconf 84' lang='lat' dir='ltr'>Homerum,</span> 
     </span>
     <span class='ocr_line' id='line_1_9' title="bbox 337 1428 1362 1508; baseline -0.002 -16"><span class='ocrx_word' id='word_1_62' title='bbox 337 1452 378 1493; x_wconf 89' lang='lat' dir='ltr'>ne</span> <span class='ocrx_word' id='word_1_63' title='bbox 399 1429 566 1493; x_wconf 77' lang='lat' dir='ltr'>iuvenibus</span> <span class='ocrx_word' id='word_1_64' title='bbox 586 1428 699 1491; x_wconf 86' lang='lat' dir='ltr'>noxius</span> <span class='ocrx_word' id='word_1_65' title='bbox 720 1435 805 1492; x_wconf 87' lang='lat' dir='ltr'>esset</span> <span class='ocrx_word' id='word_1_66' title='bbox 820 1429 1012 1492; x_wconf 76' lang='lat' dir='ltr'>carminibus</span> <span class='ocrx_word' id='word_1_67' title='bbox 1028 1430 1103 1508; x_wconf 90' lang='lat' dir='ltr'>suis,</span> <span class='ocrx_word' id='word_1_68' title='bbox 1127 1429 1201 1490; x_wconf 89' lang='lat' dir='ltr'>lana</span> <span class='ocrx_word' id='word_1_69' title='bbox 1217 1428 1362 1490; x_wconf 83' lang='lat' dir='ltr'>coronari</span> 
     </span>
     <span class='ocr_line' id='line_1_10' title="bbox 339 1531 655 1596; baseline -0.003 0"><span class='ocrx_word' id='word_1_70' title='bbox 339 1539 372 1596; x_wconf 84' lang='lat' dir='ltr'>et</span> <span class='ocrx_word' id='word_1_71' title='bbox 395 1531 512 1595; x_wconf 88' lang='lat' dir='ltr'>dimitti</span> <span class='ocrx_word' id='word_1_72' title='bbox 536 1531 655 1595; x_wconf 86' lang='lat' dir='ltr'>statuit.</span> 
     </span>
    </p>

    <p class='ocr_par' dir='ltr' id='par_1_3' title="bbox 333 1633 1404 3364">
     <span class='ocr_line' id='line_1_11' title="bbox 424 1633 1366 1718; baseline 0.001 -22"><span class='ocrx_word' id='word_1_73' title='bbox 424 1633 525 1698; x_wconf 90' lang='lat' dir='ltr'>Paulo</span> <span class='ocrx_word' id='word_1_74' title='bbox 549 1634 696 1718; x_wconf 86' lang='lat' dir='ltr'>postilla</span> <span class='ocrx_word' id='word_1_75' title='bbox 720 1635 817 1698; x_wconf 87' lang='lat' dir='ltr'>verba</span> <span class='ocrx_word' id='word_1_76' title='bbox 840 1635 955 1699; x_wconf 86' lang='lat' dir='ltr'>iterum</span> <span class='ocrx_word' id='word_1_77' title='bbox 971 1634 1139 1697; x_wconf 78' lang='lat' dir='ltr'>Platonem</span> <span class='ocrx_word' id='word_1_78' title='bbox 1162 1633 1264 1717; x_wconf 82' lang='lat' dir='ltr'>oarpit</span> <span class='ocrx_word' id='word_1_79' title='bbox 1288 1634 1366 1697; x_wconf 83' lang='lat' dir='ltr'>Gre-</span> 
     </span>
     <span class='ocr_line' id='line_1_12' title="bbox 339 1725 1366 1821; baseline -0.005 -20"><span class='ocrx_word' id='word_1_80' title='bbox 339 1737 446 1821; x_wconf 80' lang='lat' dir='ltr'>gorius</span> <span class='ocrx_word' id='word_1_81' title='bbox 480 1736 589 1799; x_wconf 85' lang='lat' dir='ltr'>dioens</span> <span class='ocrx_word' id='word_1_82' title='bbox 619 1736 757 1800; x_wconf 76' lang='lat' dir='ltr'>Heronio</span> <span class='ocrx_word' id='word_1_83' title='bbox 792 1737 1010 1821; x_wconf 84' lang='lat' dir='ltr'>philosophiae</span> <span class='ocrx_word' id='word_1_84' title='bbox 1044 1738 1163 1799; x_wconf 86' lang='lat' dir='ltr'>lruotus</span> <span class='ocrx_word' id='word_1_85' title='bbox 1198 1757 1267 1799; x_wconf 89' lang='lat' dir='ltr'>esse</span> <span class='ocrx_word' id='word_1_86' title='bbox 1277 1760 1289 1799; x_wconf 74' lang='grc' dir='ltr'>ι.</span> <span class='ocrx_word' id='word_1_87' title='bbox 1319 1725 1366 1815; x_wconf 78' lang='lat' dir='ltr'>‚ori</span> 
     </span>
     <span class='ocr_line' id='line_1_13' title="bbox 341 1832 1366 1923; baseline 0.002 -23"><span class='ocrx_word' id='word_1_88' title='bbox 341 1836 422 1919; x_wconf 79' lang='grc' dir='ltr'><em>λόγῳ</em></span> <span class='ocrx_word' id='word_1_89' title='bbox 453 1832 672 1916; x_wconf 72' lang='grc' dir='ltr'><strong><em>πλαττόμεναι</em></strong></span> <span class='ocrx_word' id='word_1_90' title='bbox 703 1835 834 1907; x_wconf 65' lang='lat' dir='ltr'>narrat</span> <span class='ocrx_word' id='word_1_91' title='bbox 888 1839 1010 1904; x_wconf 84' lang='lat' dir='ltr'>Eodem</span> <span class='ocrx_word' id='word_1_92' title='bbox 1040 1839 1134 1902; x_wconf 92' lang='lat' dir='ltr'>modo</span> <span class='ocrx_word' id='word_1_93' title='bbox 1165 1838 1190 1923; x_wconf 94' lang='lat' dir='ltr'>l,</span> <span class='ocrx_word' id='word_1_94' title='bbox 1221 1840 1366 1903; x_wconf 79' lang='lat' dir='ltr'>ooassa</span> 
     </span>
     <span class='ocr_line' id='line_1_14' title="bbox 339 1942 1362 2027; baseline 0.001 -21"><span class='ocrx_word' id='word_1_95' title='bbox 339 1944 378 2006; x_wconf 90' lang='lat' dir='ltr'>de</span> <span class='ocrx_word' id='word_1_96' title='bbox 401 1942 544 2006; x_wconf 81' lang='lat' dir='ltr'>Platonis</span> <span class='ocrx_word' id='word_1_97' title='bbox 575 1943 701 2005; x_wconf 83' lang='lat' dir='ltr'>civitate</span> <span class='ocrx_word' id='word_1_98' title='bbox 735 1963 881 2007; x_wconf 86' lang='lat' dir='ltr'>sermone</span> <span class='ocrx_word' id='word_1_99' title='bbox 911 1950 1092 2007; x_wconf 80' lang='lat' dir='ltr'>constructa</span> <span class='ocrx_word' id='word_1_100' title='bbox 1122 1943 1260 2027; x_wconf 89' lang='lat' dir='ltr'>loquitur</span> <span class='ocrx_word' id='word_1_101' title='bbox 1289 1991 1298 2007; x_wconf 88' lang='lat'><strong>.</strong></span> <span class='ocrx_word' id='word_1_102' title='bbox 1323 1993 1329 2006; x_wconf 95' lang='lat'>.</span> <span class='ocrx_word' id='word_1_103' title='bbox 1355 1992 1362 2007; x_wconf 90' lang='lat'><strong>.</strong></span> 
     </span>
     <span class='ocr_line' id='line_1_15' title="bbox 339 2037 1367 2128; baseline -0.001 -21"><span class='ocrx_word' id='word_1_104' title='bbox 339 2045 418 2123; x_wconf 78' lang='grc' dir='ltr'><strong><em>,πὼς</em></strong></span> <span class='ocrx_word' id='word_1_105' title='bbox 441 2093 497 2111; x_wconf 89' lang='grc'>...</span> <span class='ocrx_word' id='word_1_106' title='bbox 522 2037 559 2106; x_wconf 78' lang='grc' dir='ltr'>οὐ</span> <span class='ocrx_word' id='word_1_107' title='bbox 580 2043 761 2122; x_wconf 75' lang='grc' dir='ltr'><strong><em>θαυμάζειν</em></strong></span> <span class='ocrx_word' id='word_1_108' title='bbox 782 2041 869 2116; x_wconf 81' lang='grc' dir='ltr'><strong><em>ἄξιον</em></strong></span> <span class='ocrx_word' id='word_1_109' title='bbox 891 2042 1030 2124; x_wconf 73' lang='grc' dir='ltr'><strong><em>του-σονς,</em></strong></span> <span class='ocrx_word' id='word_1_110' title='bbox 1053 2037 1083 2106; x_wconf 77' lang='grc' dir='ltr'>ὃν</span> <span class='ocrx_word' id='word_1_111' title='bbox 1105 2047 1155 2106; x_wconf 83' lang='grc' dir='ltr'>καὶ</span> <span class='ocrx_word' id='word_1_112' title='bbox 1170 2042 1252 2128; x_wconf 80' lang='grc' dir='ltr'><em>λόγῳ</em></span> <span class='ocrx_word' id='word_1_113' title='bbox 1269 2041 1367 2106; x_wconf 73' lang='lat' dir='ltr'>nidr-</span> 
     </span>
     <span class='ocr_line' id='line_1_16' title="bbox 338 2142 1366 2232; baseline 0.002 -22"><span class='ocrx_word' id='word_1_114' title='bbox 338 2161 426 2210; x_wconf 74' lang='lat' dir='ltr'>tovor</span> <span class='ocrx_word' id='word_1_115' title='bbox 448 2142 559 2216; x_wconf 80' lang='grc' dir='ltr'><strong><em>πόλεις</em></strong></span> <span class='ocrx_word' id='word_1_116' title='bbox 583 2144 639 2216; x_wconf 81' lang='grc' dir='ltr'>τὰς</span> <span class='ocrx_word' id='word_1_117' title='bbox 662 2144 741 2231; x_wconf 72' lang='grc' dir='ltr'><em>ἔργῳ</em></span> <span class='ocrx_word' id='word_1_118' title='bbox 764 2151 930 2230; x_wconf 64' lang='lat' dir='ltr'>roardum„</span> <span class='ocrx_word' id='word_1_119' title='bbox 946 2148 988 2232; x_wconf 76' lang='grc' dir='ltr'><strong><em>μὴ</em></strong></span> <span class='ocrx_word' id='word_1_120' title='bbox 1019 2150 1205 2227; x_wconf 75' lang='grc' dir='ltr'><strong><em>δυναμένας*</em></strong></span> <span class='ocrx_word' id='word_1_121' title='bbox 1230 2198 1236 2212; x_wconf 90' lang='grc'><strong>.</strong></span> <span class='ocrx_word' id='word_1_122' title='bbox 1261 2200 1267 2211; x_wconf 95' lang='grc'>.</span> <span class='ocrx_word' id='word_1_123' title='bbox 1294 2201 1299 2213; x_wconf 95' lang='grc'><strong><em>.</em></strong></span> <span class='ocrx_word' id='word_1_124' title='bbox 1332 2156 1366 2212; x_wconf 90' lang='lat' dir='ltr'>et</span> 
     </span>
     <span class='ocr_line' id='line_1_17' title="bbox 337 2252 1368 2337; baseline -0.001 -21"><span class='ocrx_word' id='word_1_125' title='bbox 337 2253 448 2337; x_wconf 83' lang='lat' dir='ltr'>paucis</span> <span class='ocrx_word' id='word_1_126' title='bbox 471 2252 575 2316; x_wconf 87' lang='lat' dir='ltr'>verbis</span> <span class='ocrx_word' id='word_1_127' title='bbox 599 2259 671 2335; x_wconf 87' lang='lat' dir='ltr'>post</span> <span class='ocrx_word' id='word_1_128' title='bbox 695 2254 787 2316; x_wconf 91' lang='lat' dir='ltr'>Plato</span> <span class='ocrx_word' id='word_1_129' title='bbox 817 2254 865 2316; x_wconf 87' lang='lat' dir='ltr'>sui</span> <span class='ocrx_word' id='word_1_130' title='bbox 895 2255 994 2337; x_wconf 90' lang='lat' dir='ltr'>ipsius</span> <span class='ocrx_word' id='word_1_131' title='bbox 1020 2253 1125 2316; x_wconf 87' lang='lat' dir='ltr'>verbis</span> <span class='ocrx_word' id='word_1_132' title='bbox 1149 2275 1166 2316; x_wconf 87' lang='lat' dir='ltr'>a</span> <span class='ocrx_word' id='word_1_133' title='bbox 1189 2253 1368 2337; x_wconf 79' lang='lat' dir='ltr'>Republica</span> 
     </span>
     <span class='ocr_line' id='line_1_18' title="bbox 339 2345 1362 2440; baseline -0.005 -21"><span class='ocrx_word' id='word_1_134' title='bbox 339 2362 372 2419; x_wconf 91' lang='lat' dir='ltr'>et</span> <span class='ocrx_word' id='word_1_135' title='bbox 402 2353 574 2418; x_wconf 88' lang='lat' dir='ltr'>Phaedone</span> <span class='ocrx_word' id='word_1_136' title='bbox 605 2358 744 2419; x_wconf 82' lang='lat' dir='ltr'>consutis</span> <span class='ocrx_word' id='word_1_137' title='bbox 774 2357 1010 2440; x_wconf 83' lang='lat' dir='ltr'>perstringitur:</span> <span class='ocrx_word' id='word_1_138' title='bbox 1046 2359 1107 2420; x_wconf 80' lang='lat'>569</span> <span class='ocrx_word' id='word_1_139' title='bbox 1127 2356 1158 2418; x_wconf 78' lang='lat' dir='ltr'>A</span> <span class='ocrx_word' id='word_1_140' title='bbox 1191 2359 1223 2419; x_wconf 89' lang='lat' dir='ltr'>l:</span> <span class='ocrx_word' id='word_1_141' title='bbox 1259 2345 1289 2436; x_wconf 76' lang='grc' dir='ltr'>,ἢ</span> <span class='ocrx_word' id='word_1_142' title='bbox 1324 2349 1362 2415; x_wconf 81' lang='grc' dir='ltr'>οὐ</span> 
     </span>
     <span class='ocr_line' id='line_1_19' title="bbox 338 2454 1360 2539; baseline 0.003 -20"><span class='ocrx_word' id='word_1_143' title='bbox 338 2457 469 2519; x_wconf 80' lang='grc' dir='ltr'><strong><em>συυεῑδέ</em></strong></span> <span class='ocrx_word' id='word_1_144' title='bbox 488 2476 536 2526; x_wconf 85' lang='grc' dir='ltr'>τις</span> <span class='ocrx_word' id='word_1_145' title='bbox 556 2454 655 2519; x_wconf 79' lang='grc' dir='ltr'><strong><em>ταῦτα</em></strong></span> <span class='ocrx_word' id='word_1_146' title='bbox 678 2459 742 2518; x_wconf 81' lang='grc' dir='ltr'>τῶν</span> <span class='ocrx_word' id='word_1_147' title='bbox 765 2459 840 2538; x_wconf 83' lang='grc' dir='ltr'><strong><em>παρ’</em></strong></span> <span class='ocrx_word' id='word_1_148' title='bbox 871 2455 1002 2526; x_wconf 83' lang='grc' dir='ltr'><strong><em>ἐκείνοις</em></strong></span> <span class='ocrx_word' id='word_1_149' title='bbox 1030 2457 1143 2539; x_wconf 80' lang='grc' dir='ltr'><strong><em>σοφῶν</em></strong></span> <span class='ocrx_word' id='word_1_150' title='bbox 1168 2462 1229 2535; x_wconf 77' lang='lat' dir='ltr'>(so.</span> <span class='ocrx_word' id='word_1_151' title='bbox 1252 2460 1360 2535; x_wconf 87' lang='lat' dir='ltr'>Plato)</span> 
     </span>
     <span class='ocr_line' id='line_1_20' title="bbox 337 2553 1366 2647; baseline -0.006 -19"><span class='ocrx_word' id='word_1_152' title='bbox 337 2613 344 2628; x_wconf 89' lang='lat'><em>.</em></span> <span class='ocrx_word' id='word_1_153' title='bbox 369 2611 376 2625; x_wconf 91' lang='lat'><strong>.</strong></span> <span class='ocrx_word' id='word_1_154' title='bbox 401 2614 408 2628; x_wconf 93' lang='lat'><strong>.</strong></span> <span class='ocrx_word' id='word_1_155' title='bbox 432 2553 511 2624; x_wconf 79' lang='grc' dir='ltr'>ἀλλὰ</span> <span class='ocrx_word' id='word_1_156' title='bbox 532 2566 634 2644; x_wconf 69' lang='grc' dir='ltr'><strong><em>βαθεῖ</em></strong></span> <span class='ocrx_word' id='word_1_157' title='bbox 651 2558 801 2645; x_wconf 77' lang='grc' dir='ltr'><em>βορβόρῳ</em></span> <span class='ocrx_word' id='word_1_158' title='bbox 832 2562 965 2635; x_wconf 86' lang='lat' dir='ltr'>(Phaed.</span> <span class='ocrx_word' id='word_1_159' title='bbox 990 2567 1029 2626; x_wconf 81' lang='grc'>69</span> <span class='ocrx_word' id='word_1_160' title='bbox 1044 2563 1081 2638; x_wconf 76' lang='lat' dir='ltr'>sl)</span> <span class='ocrx_word' id='word_1_161' title='bbox 1186 2563 1260 2647; x_wconf 81' lang='grc' dir='ltr'><strong><em>μηδ’</em></strong></span> <span class='ocrx_word' id='word_1_162' title='bbox 1284 2557 1366 2624; x_wconf 81' lang='grc' dir='ltr'><strong><em>ὅσον</em></strong></span> 
     </span>
     <span class='ocr_line' id='line_1_21' title="bbox 339 2657 1404 2749; baseline -0.001 -23"><span class='ocrx_word' id='word_1_163' title='bbox 339 2664 545 2747; x_wconf 80' lang='grc' dir='ltr'><em>προσβλέψαι</em></span> <span class='ocrx_word' id='word_1_164' title='bbox 574 2671 641 2736; x_wconf 79' lang='grc' dir='ltr'><strong><em>ταῖς</em></strong></span> <span class='ocrx_word' id='word_1_165' title='bbox 671 2663 724 2748; x_wconf 74' lang='grc' dir='ltr'>τῆς</span> <span class='ocrx_word' id='word_1_166' title='bbox 754 2657 907 2747; x_wconf 71' lang='grc' dir='ltr'><strong><em>ἀληθείας</em></strong></span> <span class='ocrx_word' id='word_1_167' title='bbox 943 2660 1053 2742; x_wconf 77' lang='grc' dir='ltr'><strong><em>αὐγαῖς</em></strong></span> <span class='ocrx_word' id='word_1_168' title='bbox 1091 2665 1269 2747; x_wconf 69' lang='grc' dir='ltr'><strong><em>καθαρθεὶς</em></strong></span> <span class='ocrx_word' id='word_1_169' title='bbox 1307 2662 1366 2749; x_wconf 74' lang='grc' dir='ltr'>τὴν</span> <span class='ocrx_word' id='word_1_170' title='bbox 1401 2730 1404 2732; x_wconf 55' lang='grc'>,</span> 
     </span>
     <span class='ocr_line' id='line_1_22' title="bbox 334 2761 1365 2852; baseline 0.001 -24"><span class='ocrx_word' id='word_1_171' title='bbox 334 2761 477 2829; x_wconf 83' lang='grc' dir='ltr'><strong><em>διάνοιαν</em></strong></span> <span class='ocrx_word' id='word_1_172' title='bbox 503 2771 556 2845; x_wconf 87' lang='lat' dir='ltr'>(ol.</span> <span class='ocrx_word' id='word_1_173' title='bbox 579 2769 660 2852; x_wconf 85' lang='lat' dir='ltr'>Rep.</span> <span class='ocrx_word' id='word_1_174' title='bbox 685 2769 789 2832; x_wconf 77' lang='lat'>5271)</span> <span class='ocrx_word' id='word_1_175' title='bbox 821 2790 885 2852; x_wconf 89' lang='lat' dir='ltr'>seq.</span> <span class='ocrx_word' id='word_1_176' title='bbox 919 2819 925 2832; x_wconf 92' lang='lat'><strong>.</strong></span> <span class='ocrx_word' id='word_1_177' title='bbox 951 2820 957 2833; x_wconf 91' lang='lat'><strong>.</strong></span> <span class='ocrx_word' id='word_1_178' title='bbox 982 2819 989 2833; x_wconf 85' lang='lat'>.</span> <span class='ocrx_word' id='word_1_179' title='bbox 1021 2762 1170 2848; x_wconf 82' lang='grc' dir='ltr'><strong><em>,ὄργανόν</em></strong></span> <span class='ocrx_word' id='word_1_180' title='bbox 1201 2792 1231 2830; x_wconf 80' lang='grc' dir='ltr'>τι</span> <span class='ocrx_word' id='word_1_181' title='bbox 1259 2769 1365 2850; x_wconf 75' lang='grc' dir='ltr'><strong><em>ψυχῆς</em></strong></span> 
     </span>
     <span class='ocr_line' id='line_1_23' title="bbox 335 2861 1363 2951; baseline 0.002 -20"><span class='ocrx_word' id='word_1_182' title='bbox 335 2865 555 2950; x_wconf 66' lang='grc' dir='ltr'><strong><em>ἐκκαθαίρεται</em></strong></span> <span class='ocrx_word' id='word_1_183' title='bbox 579 2919 585 2932; x_wconf 94' lang='grc'><strong><em>.</em></strong></span> <span class='ocrx_word' id='word_1_184' title='bbox 608 2921 637 2935; x_wconf 83' lang='grc'>..</span> <span class='ocrx_word' id='word_1_185' title='bbox 660 2877 806 2951; x_wconf 81' lang='grc' dir='ltr'><strong><em>κρεῖττον</em></strong></span> <span class='ocrx_word' id='word_1_186' title='bbox 826 2861 865 2930; x_wconf 75' lang='grc' dir='ltr'>ὃν</span> <span class='ocrx_word' id='word_1_187' title='bbox 890 2868 1035 2945; x_wconf 61' lang='grc' dir='ltr'><strong><em>σωθῆναι</em></strong></span> <span class='ocrx_word' id='word_1_188' title='bbox 1057 2874 1179 2949; x_wconf 83' lang='grc' dir='ltr'><strong><em>μυρίων</em></strong></span> <span class='ocrx_word' id='word_1_189' title='bbox 1199 2865 1363 2949; x_wconf 80' lang='grc' dir='ltr'><strong><em>ὀμμάτων.</em></strong></span> 
     </span>
     <span class='ocr_line' id='line_1_24' title="bbox 333 2965 1365 3057; baseline -0.001 -23"><span class='ocrx_word' id='word_1_190' title='bbox 333 2967 421 3056; x_wconf 90' lang='grc' dir='ltr'>μόνῳ</span> <span class='ocrx_word' id='word_1_191' title='bbox 456 2965 514 3054; x_wconf 76' lang='grc' dir='ltr'>γὰρ</span> <span class='ocrx_word' id='word_1_192' title='bbox 544 2969 629 3057; x_wconf 72' lang='grc' dir='ltr'>αὐτῷ</span> <span class='ocrx_word' id='word_1_193' title='bbox 659 2965 800 3056; x_wconf 76' lang='grc' dir='ltr'><strong><em>α’λὴθεια</em></strong></span> <span class='ocrx_word' id='word_1_194' title='bbox 830 2968 970 3054; x_wconf 80' lang='grc' dir='ltr'>ὁρᾶται),</span> <span class='ocrx_word' id='word_1_195' title='bbox 1002 2966 1080 3034; x_wconf 70' lang='grc' dir='ltr'><strong><em>ἄλλα</em></strong></span> <span class='ocrx_word' id='word_1_196' title='bbox 1109 2973 1187 3053; x_wconf 80' lang='grc' dir='ltr'><strong><em>περὶ</em></strong></span> <span class='ocrx_word' id='word_1_197' title='bbox 1215 2966 1253 3034; x_wconf 75' lang='grc' dir='ltr'>τὰ</span> <span class='ocrx_word' id='word_1_198' title='bbox 1280 2973 1365 3035; x_wconf 80' lang='grc' dir='ltr'><strong><em>κάτω</em></strong></span> 
     </span>
     <span class='ocr_line' id='line_1_25' title="bbox 334 3072 1363 3162; baseline 0 -25"><span class='ocrx_word' id='word_1_199' title='bbox 334 3075 385 3138; x_wconf 82' lang='grc' dir='ltr'>καὶ</span> <span class='ocrx_word' id='word_1_200' title='bbox 411 3072 470 3160; x_wconf 76' lang='grc' dir='ltr'>τὴν</span> <span class='ocrx_word' id='word_1_201' title='bbox 505 3074 658 3160; x_wconf 75' lang='grc' dir='ltr'><strong><em>αἴσθησιν</em></strong></span> <span class='ocrx_word' id='word_1_202' title='bbox 686 3074 927 3155; x_wconf 49' lang='grc' dir='ltr'><strong><em>ἰλυσπώμενοςί.</em></strong></span> <span class='ocrx_word' id='word_1_203' title='bbox 967 3077 1030 3153; x_wconf 80' lang='lat' dir='ltr'>(uf.</span> <span class='ocrx_word' id='word_1_204' title='bbox 1054 3078 1134 3162; x_wconf 89' lang='lat' dir='ltr'>Rep.</span> <span class='ocrx_word' id='word_1_205' title='bbox 1159 3077 1279 3142; x_wconf 79' lang='lat' dir='ltr'>olan:</span> <span class='ocrx_word' id='word_1_206' title='bbox 1322 3075 1363 3156; x_wconf 84' lang='lat' dir='ltr'>‚ut</span> 
     </span>
     <span class='ocr_line' id='line_1_26' title="bbox 335 3173 1363 3264; baseline 0.004 -23"><span class='ocrx_word' id='word_1_207' title='bbox 335 3173 447 3261; x_wconf 72' lang='grc' dir='ltr'><strong><em>ἡδοναὶ</em></strong></span> <span class='ocrx_word' id='word_1_208' title='bbox 466 3230 472 3244; x_wconf 94' lang='grc'><strong>.</strong></span> <span class='ocrx_word' id='word_1_209' title='bbox 490 3231 497 3243; x_wconf 92' lang='grc'><strong>.</strong></span> <span class='ocrx_word' id='word_1_210' title='bbox 516 3231 522 3246; x_wconf 93' lang='grc'><strong>.</strong></span> <span class='ocrx_word' id='word_1_211' title='bbox 542 3177 624 3243; x_wconf 77' lang='grc' dir='ltr'><strong><em>κάτω</em></strong></span> <span class='ocrx_word' id='word_1_212' title='bbox 648 3185 841 3264; x_wconf 78' lang='grc' dir='ltr'><strong><em>στρέφουσιν</em></strong></span> <span class='ocrx_word' id='word_1_213' title='bbox 863 3173 921 3263; x_wconf 75' lang='grc' dir='ltr'>τὴν</span> <span class='ocrx_word' id='word_1_214' title='bbox 944 3179 998 3263; x_wconf 73' lang='grc' dir='ltr'>τῆς</span> <span class='ocrx_word' id='word_1_215' title='bbox 1020 3182 1124 3264; x_wconf 73' lang='grc' dir='ltr'><strong><em>ψυχῆς</em></strong></span> <span class='ocrx_word' id='word_1_216' title='bbox 1147 3175 1247 3263; x_wconf 76' lang='grc' dir='ltr'><strong><em>ὄψιν.</em></strong></span> <span class='ocrx_word' id='word_1_217' title='bbox 1279 3182 1363 3246; x_wconf 81' lang='lat' dir='ltr'>Tim.</span> 
     </span>
     <span class='ocr_line' id='line_1_27' title="bbox 336 3280 710 3364; baseline 0 -16"><span class='ocrx_word' id='word_1_218' title='bbox 336 3286 376 3348; x_wconf 81' lang='grc'>92</span> <span class='ocrx_word' id='word_1_219' title='bbox 389 3283 436 3348; x_wconf 83' lang='lat' dir='ltr'>A:</span> <span class='ocrx_word' id='word_1_220' title='bbox 461 3280 710 3364; x_wconf 54' lang='lat' dir='ltr'>,il-vanniano).</span> 
     </span>
    </p>

    <p class='ocr_par' dir='ltr' id='par_1_4' title="bbox 334 3388 1365 3883">
     <span class='ocr_line' id='line_1_28' title="bbox 421 3388 1364 3473; baseline -0.001 -22"><span class='ocrx_word' id='word_1_221' title='bbox 421 3388 485 3451; x_wconf 82' lang='lat' dir='ltr'>Sed</span> <span class='ocrx_word' id='word_1_222' title='bbox 524 3409 703 3472; x_wconf 88' lang='lat' dir='ltr'>pergamus.</span> <span class='ocrx_word' id='word_1_223' title='bbox 766 3388 1002 3473; x_wconf 77' lang='lat' dir='ltr'>Compluribus¹</span> <span class='ocrx_word' id='word_1_224' title='bbox 1028 3388 1104 3451; x_wconf 83' lang='lat' dir='ltr'>locis</span> <span class='ocrx_word' id='word_1_225' title='bbox 1141 3389 1364 3451; x_wconf 86' lang='lat' dir='ltr'>Nazianzenus</span> 
     </span>
     <span class='ocr_line' id='line_1_29' title="bbox 335 3490 1363 3577; baseline 0.004 -24"><span class='ocrx_word' id='word_1_226' title='bbox 335 3490 376 3553; x_wconf 95' lang='lat' dir='ltr'>ad</span> <span class='ocrx_word' id='word_1_227' title='bbox 399 3491 543 3555; x_wconf 90' lang='lat' dir='ltr'>Platonis</span> <span class='ocrx_word' id='word_1_228' title='bbox 574 3493 613 3555; x_wconf 89' lang='lat' dir='ltr'>de</span> <span class='ocrx_word' id='word_1_229' title='bbox 644 3493 734 3577; x_wconf 80' lang='lat' dir='ltr'>Gyge</span> <span class='ocrx_word' id='word_1_230' title='bbox 758 3491 934 3577; x_wconf 87' lang='lat' dir='ltr'>Lydiorum</span> <span class='ocrx_word' id='word_1_231' title='bbox 965 3512 1038 3575; x_wconf 87' lang='lat' dir='ltr'>rego</span> <span class='ocrx_word' id='word_1_232' title='bbox 1070 3493 1212 3555; x_wconf 87' lang='lat' dir='ltr'>fabulam</span> <span class='ocrx_word' id='word_1_233' title='bbox 1242 3492 1363 3557; x_wconf 87' lang='lat' dir='ltr'>alludit.</span> 
     </span>
     <span class='ocr_line' id='line_1_30' title="bbox 336 3593 1360 3679; baseline 0.003 -24"><span class='ocrx_word' id='word_1_234' title='bbox 336 3594 373 3656; x_wconf 90' lang='lat' dir='ltr'>In</span> <span class='ocrx_word' id='word_1_235' title='bbox 396 3593 477 3677; x_wconf 88' lang='lat' dir='ltr'>Rep.</span> <span class='ocrx_word' id='word_1_236' title='bbox 501 3596 563 3657; x_wconf 78' lang='lat'>359</span> <span class='ocrx_word' id='word_1_237' title='bbox 584 3594 608 3657; x_wconf 83' lang='lat' dir='ltr'>O</span> <span class='ocrx_word' id='word_1_238' title='bbox 633 3595 725 3658; x_wconf 88' lang='lat' dir='ltr'>Plato</span> <span class='ocrx_word' id='word_1_239' title='bbox 749 3602 858 3657; x_wconf 86' lang='lat' dir='ltr'>narrat</span> <span class='ocrx_word' id='word_1_240' title='bbox 882 3596 1006 3679; x_wconf 82' lang='lat' dir='ltr'>Gygam</span> <span class='ocrx_word' id='word_1_241' title='bbox 1037 3595 1070 3656; x_wconf 94' lang='lat' dir='ltr'>in</span> <span class='ocrx_word' id='word_1_242' title='bbox 1099 3601 1189 3657; x_wconf 92' lang='lat' dir='ltr'>antro</span> <span class='ocrx_word' id='word_1_243' title='bbox 1220 3595 1360 3678; x_wconf 91' lang='lat' dir='ltr'>quodam</span> 
     </span>
     <span class='ocr_line' id='line_1_31' title="bbox 334 3696 1361 3783; baseline 0.002 -24"><span class='ocrx_word' id='word_1_244' title='bbox 334 3696 464 3759; x_wconf 87' lang='lat' dir='ltr'>anulum</span> <span class='ocrx_word' id='word_1_245' title='bbox 481 3698 668 3780; x_wconf 77' lang='lat' dir='ltr'>repperisse,</span> <span class='ocrx_word' id='word_1_246' title='bbox 690 3719 785 3781; x_wconf 90' lang='lat' dir='ltr'>quem</span> <span class='ocrx_word' id='word_1_247' title='bbox 802 3699 827 3760; x_wconf 91' lang='lat' dir='ltr'>si</span> <span class='ocrx_word' id='word_1_248' title='bbox 844 3699 950 3783; x_wconf 91' lang='lat' dir='ltr'>palam</span> <span class='ocrx_word' id='word_1_249' title='bbox 967 3697 1180 3777; x_wconf 81' lang='lat' dir='ltr'>convertebat,</span> <span class='ocrx_word' id='word_1_250' title='bbox 1197 3698 1361 3762; x_wconf 84' lang='lat' dir='ltr'>anemius</span> 
     </span>
     <span class='ocr_line' id='line_1_32' title="bbox 335 3797 1365 3883; baseline 0.002 -23"><span class='ocrx_word' id='word_1_251' title='bbox 335 3797 436 3861; x_wconf 83' lang='lat' dir='ltr'>videri</span> <span class='ocrx_word' id='word_1_252' title='bbox 459 3803 593 3881; x_wconf 87' lang='lat' dir='ltr'>poterat.</span> <span class='ocrx_word' id='word_1_253' title='bbox 639 3799 746 3883; x_wconf 77' lang='lat' dir='ltr'>Atque</span> <span class='ocrx_word' id='word_1_254' title='bbox 769 3799 852 3862; x_wconf 90' lang='lat' dir='ltr'>hano</span> <span class='ocrx_word' id='word_1_255' title='bbox 880 3799 1020 3863; x_wconf 85' lang='lat' dir='ltr'>tabulam</span> <span class='ocrx_word' id='word_1_256' title='bbox 1050 3799 1171 3862; x_wconf 87' lang='lat' dir='ltr'>induoit</span> <span class='ocrx_word' id='word_1_257' title='bbox 1193 3800 1296 3880; x_wconf 91' lang='lat' dir='ltr'>Plato,</span> <span class='ocrx_word' id='word_1_258' title='bbox 1327 3807 1365 3862; x_wconf 90' lang='lat' dir='ltr'>ut</span> 
     </span>
    </p>
   </div>
   <div class='ocr_carea' id='block_1_3' title="bbox 335 3900 1472 3987">
    <p class='ocr_par' dir='ltr' id='par_1_5' title="bbox 335 3900 1472 3987">
     <span class='ocr_line' id='line_1_33' title="bbox 335 3900 1472 3987; baseline 0.004 -25"><span class='ocrx_word' id='word_1_259' title='bbox 335 3900 458 3983; x_wconf 88' lang='lat' dir='ltr'>dooeat,</span> <span class='ocrx_word' id='word_1_260' title='bbox 481 3901 583 3966; x_wconf 82' lang='lat' dir='ltr'>uirum</span> <span class='ocrx_word' id='word_1_261' title='bbox 606 3902 736 3985; x_wconf 87' lang='lat' dir='ltr'>iustum,</span> <span class='ocrx_word' id='word_1_262' title='bbox 760 3904 886 3966; x_wconf 90' lang='lat' dir='ltr'>etiarnsi</span> <span class='ocrx_word' id='word_1_263' title='bbox 911 3903 1010 3987; x_wconf 85' lang='lat' dir='ltr'>Gygis</span> <span class='ocrx_word' id='word_1_264' title='bbox 1034 3902 1164 3965; x_wconf 92' lang='lat' dir='ltr'>anulum</span> <span class='ocrx_word' id='word_1_265' title='bbox 1193 3904 1363 3987; x_wconf 86' lang='lat' dir='ltr'>aooeporit,</span> <span class='ocrx_word' id='word_1_266' title='bbox 1464 3941 1472 3954; x_wconf 88' lang='lat'><strong>·</strong></span> 
     </span>
    </p>
   </div>
   <div class='ocr_carea' id='block_1_4' title="bbox 333 4004 1365 4397">
    <p class='ocr_par' dir='ltr' id='par_1_6' title="bbox 335 4004 1364 4188">
     <span class='ocr_line' id='line_1_34' title="bbox 337 4004 1364 4089; baseline 0.002 -24"><span class='ocrx_word' id='word_1_267' title='bbox 337 4023 377 4066; x_wconf 90' lang='lat' dir='ltr'>ne</span> <span class='ocrx_word' id='word_1_268' title='bbox 398 4004 470 4087; x_wconf 85' lang='lat' dir='ltr'>¹quis</span> <span class='ocrx_word' id='word_1_269' title='bbox 495 4025 569 4068; x_wconf 92' lang='lat' dir='ltr'>eum</span> <span class='ocrx_word' id='word_1_270' title='bbox 591 4004 708 4068; x_wconf 89' lang='lat' dir='ltr'>intueri</span> <span class='ocrx_word' id='word_1_271' title='bbox 730 4005 841 4089; x_wconf 89' lang='lat' dir='ltr'>possit,</span> <span class='ocrx_word' id='word_1_272' title='bbox 865 4026 905 4068; x_wconf 90' lang='lat' dir='ltr'>ne</span> <span class='ocrx_word' id='word_1_273' title='bbox 929 4005 1124 4088; x_wconf 83' lang='lat' dir='ltr'>sicquidem</span> <span class='ocrx_word' id='word_1_274' title='bbox 1148 4004 1276 4068; x_wconf 78' lang='lat' dir='ltr'>sceleris</span> <span class='ocrx_word' id='word_1_275' title='bbox 1306 4005 1364 4067; x_wconf 91' lang='lat' dir='ltr'>ali-</span> 
     </span>
     <span class='ocr_line' id='line_1_35' title="bbox 335 4106 743 4188; baseline 0.007 -19"><span class='ocrx_word' id='word_1_276' title='bbox 335 4106 411 4188; x_wconf 89' lang='lat' dir='ltr'>quid</span> <span class='ocrx_word' id='word_1_277' title='bbox 433 4106 600 4171; x_wconf 85' lang='lat' dir='ltr'>admittere</span> <span class='ocrx_word' id='word_1_278' title='bbox 617 4107 743 4172; x_wconf 86' lang='lat' dir='ltr'>debere.</span> 
     </span>
    </p>

    <p class='ocr_par' dir='ltr' id='par_1_7' title="bbox 333 4208 1365 4397">
     <span class='ocr_line' id='line_1_36' title="bbox 405 4208 1363 4293; baseline -0.001 -21"><span class='ocrx_word' id='word_1_279' title='bbox 405 4208 505 4273; x_wconf 84' lang='lat' dir='ltr'>Ouius</span> <span class='ocrx_word' id='word_1_280' title='bbox 514 4209 696 4274; x_wconf 91' lang='lat' dir='ltr'>historiolae</span> <span class='ocrx_word' id='word_1_281' title='bbox 706 4210 881 4274; x_wconf 89' lang='lat' dir='ltr'>identidem</span> <span class='ocrx_word' id='word_1_282' title='bbox 891 4210 1063 4293; x_wconf 76' lang='lat' dir='ltr'>Gregorius</span> <span class='ocrx_word' id='word_1_283' title='bbox 1072 4209 1267 4272; x_wconf 88' lang='lat' dir='ltr'>mentionem</span> <span class='ocrx_word' id='word_1_284' title='bbox 1275 4209 1363 4290; x_wconf 82' lang='lat' dir='ltr'>lacit,</span> 
     </span>
     <span class='ocr_line' id='line_1_37' title="bbox 333 4309 1365 4397; baseline -0.003 -23"><span class='ocrx_word' id='word_1_285' title='bbox 333 4312 420 4375; x_wconf 85' lang='lat' dir='ltr'>velut</span> <span class='ocrx_word' id='word_1_286' title='bbox 430 4312 491 4397; x_wconf 87' lang='lat' dir='ltr'>HI,</span> <span class='ocrx_word' id='word_1_287' title='bbox 503 4314 584 4378; x_wconf 83' lang='lat'>1435</span> <span class='ocrx_word' id='word_1_288' title='bbox 595 4334 625 4376; x_wconf 86' lang='lat' dir='ltr'>v.</span> <span class='ocrx_word' id='word_1_289' title='bbox 638 4315 671 4376; x_wconf 82' lang='lat' dir='ltr'>l:</span> <span class='ocrx_word' id='word_1_290' title='bbox 685 4315 727 4386; x_wconf 83' lang='grc' dir='ltr'>,τί</span> <span class='ocrx_word' id='word_1_291' title='bbox 737 4328 788 4371; x_wconf 85' lang='grc' dir='ltr'>σοι</span> <span class='ocrx_word' id='word_1_292' title='bbox 799 4309 905 4380; x_wconf 72' lang='grc' dir='ltr'><strong><em>θέλεις</em></strong></span> <span class='ocrx_word' id='word_1_293' title='bbox 918 4313 1096 4391; x_wconf 51' lang='grc' dir='ltr'><strong><em>γενέσθαιῆ</em></strong></span> <span class='ocrx_word' id='word_1_294' title='bbox 1110 4311 1250 4374; x_wconf 91' lang='lat' dir='ltr'>animam</span> <span class='ocrx_word' id='word_1_295' title='bbox 1262 4315 1365 4392; x_wconf 88' lang='lat' dir='ltr'>rogat,</span> 
     </span>
    </p>
   </div>
   <div class='ocr_carea' id='block_1_5' title="bbox 0 0 1526 5084">
    <p class='ocr_par' dir='ltr' id='par_1_8' title="bbox 0 0 1526 5084">
     <span class='ocr_line' id='line_1_38' title="bbox 0 0 1526 5084; baseline 0 0"><span class='ocrx_word' id='word_1_296' title='bbox 0 0 1526 5084; x_wconf 95' lang='lat' dir='ltr'> </span> 
     </span>
    </p>
   </div>
  </div>
 </body>
</html>
