3042 5084
559 566 768 628 „53-

151 728 332 796 κιλπτονσα.ι
379 735 471 798 Plato
495 734 607 798 eodem
631 733 725 796 modo
749 733 789 796 de
813 736 952 818 corporis
975 733 1053 797 dicit
1066 733 1178 817 volup-

152 837 268 900 tatibus
291 835 372 921 Rep.
389 839 451 901 519
464 839 510 902 A:
534 833 578 914 ‚ur
600 829 713 917 ἡδοναὶ
735 834 794 897 τοῦ
816 831 960 914 σώματος
982 833 1066 896 κάτω
1089 839 1178 912 στρέ-

119 975 122 980 ·
151 953 269 1018 φοασιν
290 934 349 1022 τὴν
372 937 425 1022 τῆς
447 938 552 1022 ψνχῇς
574 931 672 1020 ὄψιν]
1247 1001 1252 1011 ,

236 1042 300 1106 Sed
312 1049 347 1104 ut
359 1043 523 1128 Nyssenus
536 1043 636 1105 multa
644 1042 787 1106 Platonis
799 1041 1005 1126 Reipublicae
1017 1041 1124 1124 debet,
1134 1042 1180 1105 sic

151 1147 246 1210 etiam
263 1146 548 1210 Nazianzenus
565 1145 840 1229 basiliusque
863 1165 1017 1230 persaepe
1038 1145 1098 1209 hoc
1114 1145 1181 1208 dia-

150 1250 221 1332 logo
257 1248 305 1312 usi
341 1254 423 1312 sunt.
477 1249 583 1332 Atque
615 1249 751 1332 primum
782 1248 911 1331 quidem
942 1248 1180 1312 Nazianzenunr

151 1350 395 1435 Rempublioam
434 1351 559 1414 novisse
594 1351 687 1434 plane
721 1356 855 1434 apparet
887 1372 927 1414 ex
965 1350 1180 1434 compluribus

151 1454 237 1533 locis,
271 1453 386 1538 quibus
416 1457 580 1538 poetarum
613 1453 652 1516 de
682 1453 749 1518 deis
780 1454 904 1517 tabulas
935 1454 1058 1538 ineptas
1081 1458 1176 1536 atque

152 1557 281 1619 omnino
305 1555 482 1620 reiciendas
506 1577 576 1619 esse
599 1555 685 1619 dicit.
732 1557 784 1619 Sic
807 1555 851 1637 Il,
878 1555 975 1620 1490
999 1559 1018 1619 2
1047 1555 1110 1619 ait:
1145 1552 1183 1628 ,οὶ

152 1655 229 1737 παρ’
247 1649 408 1740 Ἑλλήνων
431 1652 601 1737 σεβόμενοι
621 1660 697 1718 θεοί
716 1677 751 1718 τε
773 1657 824 1718 καί
848 1657 1006 1736 δαίμονες,
1030 1647 1070 1726 ὥς
1092 1646 1179 1718 αὐτοὶ

151 1759 297 1842 λέγουσιν
315 1760 347 1835 (i.
360 1781 387 1824 e.
401 1759 506 1834 Plato)
523 1751 616 1820 οὐδὲν
633 1755 719 1842 ἡμῶν
734 1759 860 1820 δέονται
876 1759 1069 1840 κατηγόρεον,
1080 1752 1178 1820 ἄλλα

152 1859 371 1942 τοῑςνσφῶν
394 1853 526 1924 αὐτῶν
548 1857 788 1924 ἁλίσκονται
810 1861 1048 1940 θεολόγοις,
1064 1856 1179 1940 ὠςμέν

152 1961 323 2042 ἐμπαθεῖς,
345 1959 387 2032 ais
412 1965 449 2026 δὲ
478 1963 675 2044 στασιώδεις,
709 1958 797 2027 ὅσιον
831 1962 867 2026 δὲ
898 1963 1000 2026 κακῶν
1033 1970 1181 2042 γέμοντες

152 2068 204 2130 καί
225 2064 417 2148 μεταβολῶν»,
462 2067 513 2128 καὶ
536 2058 573 2128 οὐ
595 2061 676 2146 πρὸς
704 2059 860 2148 α’λλιζλονς
889 2066 993 2145 μόνον
1021 2062 1100 2128 ἀλλὰ
1130 2068 1180 2126 καί

155 2165 237 2247 πρὸς
261 2165 317 2236 τὰς
339 2166 466 2247 πρώτας
489 2167 590 2248 αἰτίας
612 2161 788 2238 ἀντιθέτοις
809 2168 941 2245 ἔχοντες.
986 2159 1040 2238 οὓς
1069 2165 1112 2249 δὴ
1133 2169 1183 2227 καὶ

155 2265 317 2340 tineamus
331 2271 384 2333 καὶ
402 2269 531 2355 Τηθάας
551 2273 603 2332 καὶ
622 2268 770 2353 Φάνητας
790 2273 842 2334 καὶ
863 2267 919 2332 οὐκ
941 2261 1013 2333 οἶδα
1035 2263 1182 2336 οὕστινας
1241 2252 1245 2260 ¹

155 2367 357 2452 ὀνομάζουσι.
402 2375 454 2436 καὶ
482 2369 664 2437 τελευταῖόν
693 2397 763 2436 τινα
794 2371 875 2436 θεάν
911 2372 1104 2452 μισότεκνον
1132 2368 1185 2434 διὰ

157 2477 335 2558 αιλαρχίαν,
365 2473 489 2546 πάντας
511 2482 726 2540 καταπίνοντα
748 2474 821 2546 τοὺς
843 2472 959 2545 ἄλλους
990 2529 996 2541 .
1020 2525 1028 2539 .
1053 2527 1057 2536 .
1089 2475 1185 2538 ταῦτα

156 2582 260 2660 μῦθοι
282 2580 333 2643 καί
355 2577 510 2644 δπόνοταί
529 2601 620 2657 τινες,
645 2575 686 2650 τίς
709 2574 802 2642 αὐτοί
820 2585 938 2661 φασιν.

243 2685 385 2770 Respicit
407 2685 455 2748 his
478 2685 582 2750 verbis
607 2685 829 2750 Nazianzenus
859 2684 900 2748 ad
924 2685 1103 2766 Platonem,
1129 2682 1182 2766 qui

160 2788 192 2851 in
227 2787 403 2872 Republica
440 2788 514 2850 inde
552 2810 571 2851 a
604 2808 675 2872 pag.
711 2787 820 2852 376ss
857 2793 1023 2872 poetarum
1061 2786 1186 2849 fabulas

159 2911 274 2974 pueros
297 2911 361 2954 non
385 2890 545 2954 docendas
569 2913 639 2954 esse
663 2891 812 2975 explicat,
836 2875 908 2953 cum
936 2890 977 2954 de
1007 2889 1076 2952 deis
1104 2889 1186 2952 falsa

160 2992 348 3075 pervulgent
379 3029 415 3034 -
447 2998 480 3055 et
506 2993 605 3076 ipsius
629 2994 756 3056 Saturni
787 2992 880 3056 affert
910 2992 1103 3075 exemplum,
1133 2991 1187 3073 qui

159 3115 270 3157 omnes
309 3094 441 3158 devorat
478 3094 564 3159 deos.
604 3095 741 3172 (Similia
778 3095 818 3158 de
853 3095 1047 3157 Graecorum
1086 3093 1188 3177 poetis

159 3196 299 3260 Basilius
336 3218 460 3281 quoque
499 3197 575 3260 dicit
613 3198 672 3280 lli,
711 3199 773 3262 569
789 3199 845 3273 Α).
900 3197 1006 3280 ipsius
1043 3195 1187 3259 Platonis

161 3320 262 3384 pauca
286 3300 443 3384 proferam
472 3301 585 3364 verba:
617 3301 721 3364 3771)
753 3300 792 3365 de
816 3301 958 3364 Homero
980 3299 1186 3382 Hesiodoque

160 3385 281 3479 ‚circat
304 3403 415 3487 inquit,
438 3425 472 3482 ,μ
483 3400 607 3472 tueor
638 3409 702 3472 τοί,Ι
726 3397 913 3484 ἀνθρώποις
937 3401 1067 3484 ψευδεῖς
1087 3418 1187 3463 συντι-

162 3507 272 3572 θέντες
294 3501 403 3583 ἔλεγόν
423 3525 460 3567 τε
480 3505 532 3567 καὶ
553 3505 715 3584 λέγουσιν,ι
748 3541 787 3550 -
818 3507 937 3571 378B:
972 3498 1016 3579 ,ori
1041 3552 1047 3567 .
1071 3551 1079 3567 .
1104 3552 1111 3567 .
1134 3505 1191 3581 μοι

159 3606 250 3668 δοκεῖ
273 3603 440 3691 ἐπιτήδεια
470 3599 549 3669 εἶναι
577 3607 680 3686 λε’χειν
704 3659 710 3674 .
734 3657 741 3672 .
766 3658 773 3672 .
797 3599 837 3677 ὡς
869 3609 943 3669 θεοὶ
968 3611 1056 3674 θεοῖς
1086 3606 1188 3668 πολε-

160 3706 258 3786 μοῦσί
271 3729 306 3772 τε
320 3711 372 3772 καὶ
393 3708 552 3788 μάχονται
576 3705 715 3776 ...ἀλλ’
740 3709 774 3772 εἴ
791 3729 862 3778 πως
882 3709 1039 3788 μέλλομεν
1062 3713 1188 3771 πείσειν

158 3805 201 3879 τίς
223 3806 325 3883 οὐδεὶς
347 3809 480 3875 πώποτε
501 3805 634 3896 πολίτης
662 3807 766 3892 ἕτερος
796 3811 894 3895 ἑτέρῳ
924 3807 1125 3893 ἀπήχθετο.
1151 3862 1158 3877 .
1184 3859 1191 3874 .

49 3974 52 3984 ,
159 3914 288 3979 τοιαῦτα
316 3917 426 3980 λεκτέα
455 3915 579 3996 μᾶλλον
608 3910 693 3996 πρός
721 3915 795 3984 τοὺς
825 3915 952 3984 παῖδας(
976 3967 982 3982 .
1007 3967 1014 3981 .
1039 3966 1045 3979 .
1071 3918 1192 3980 379Αε

158 4007 236 4102 ,οἷος
253 4017 399 4099 τυγχάνει
422 4017 440 4080 ὁ
456 4017 535 4091 θεὸς
550 4010 604 4101 cir,
618 4016 667 4082 u’st
683 4017 722 4103 δή
740 4042 803 4082 που
817 4016 1007 4082 α’ποδοτεόνι
1025 4027 1057 4083 et
1073 4021 1190 4102 verbis,

161 4147 245 4210 quae
282 4131 466 4209 sequuntur,
505 4124 600 4188 deum
636 4125 868 4188 immutabilem
900 4123 1085 4206 fingendum
1123 4145 1193 4186 esse

159 4228 301 4311 explicat
325 4229 377 4305 (cf.
402 4249 474 4312 pag.
500 4231 565 4303 50).
810 4302 820 4315 .

256 4330 309 4394 Ad
342 4331 422 4395 haec
455 4331 598 4394 Platonis
634 4331 731 4395 verba
767 4331 939 4414 Gregorius
972 4329 1034 4392 alio
1071 4349 1195 4413 quoque
