3042 5084
681 524 971 585 4--62-

347 693 515 778 inscripsit,
539 693 672 756 Timaeo
695 713 771 756 usus
794 699 888 775 esset,
911 714 971 756 nee
999 693 1113 776 habeo,
1143 715 1225 777 quae
1254 694 1294 758 de
1324 694 1373 757 his

347 795 472 860 addam.
518 795 582 860 Sed
606 817 647 859 ex
669 816 717 879 eo,
747 795 832 879 quod
863 816 900 859 eo
931 797 963 859 in
993 796 1072 858 libro
1103 817 1206 881 neque
1231 797 1374 862 Philonis

348 899 399 976 (de
423 899 533 962 mundi
557 901 645 983 cpit.)
665 935 702 942 —
721 904 757 960 ut
774 899 850 961 fecit
865 898 1054 962 Ambrosius
1072 936 1110 944 —
1127 920 1230 983 neque
1246 908 1374 984 patrum

346 1002 543 1087 quorundam
577 1023 679 1084 neque
709 1001 947 1064 Platonicorum
962 1008 1107 1066 secutus
1141 1010 1190 1066 est
1222 1005 1372 1088 rationes,

346 1106 464 1191 optime
487 1107 610 1170 elucere
634 1105 711 1168 mihi
735 1104 868 1188 videtur,
895 1111 1089 1190 quantopere
1112 1107 1281 1172 Platonem
1301 1109 1372 1172 aliis

346 1209 540 1294 praetulerit.

430 1311 550 1375 Eorum
573 1310 720 1396 denique,
744 1332 825 1395 quae
848 1311 1068 1376 Nazianzenus
1093 1313 1225 1377 Timaeo
1249 1315 1370 1399 debuit,

345 1415 445 1478 multe
467 1414 529 1476 iem
553 1415 684 1498 protulit
700 1413 869 1477 Gottweld.
915 1413 964 1478 Of.
988 1435 1059 1497 pag.
1083 1417 1143 1498 -123
1169 1419 1223 1499 183
1241 1420 1298 1500 213
1317 1421 1369 1482 28.

345 1516 454 1580 Pauca
476 1515 602 1580 eddam.
647 1515 796 1602 nome
819 1515 1040 1579 Nazianzenus
1064 1519 1215 1601 [exposita
1237 1519 1369 1582 Christi·

306 1651 308 1654 ·
345 1641 477 1684 anorum
501 1619 616 1682 rituum
639 1619 817 1682 imitatione
840 1640 858 1682 a
882 1619 1010 1682 Juliano
1040 1622 1221 1704 excogitata
1251 1644 1368 1707 cupere

326 1743 378 1807 se
401 1723 478 1786 dicit
499 1722 581 1786 hanc
603 1723 813 1787 imitationem
837 1730 999 1807 tamquam
1023 1725 1055 1786 in
1082 1746 1182 1788 scena
1205 1734 1368 1810 spectare:

343 1824 407 1908 ,ἐπὶ
432 1825 546 1907 σκηνῆς
569 1825 734 1906 θεωρῆσαι
836 1819 887 1902 tv',
910 1819 928 1886 ὅ
952 1843 1030 1907 φησι
1056 1824 1190 1888 Πλάτων
1212 1830 1369 1913 περὶτῆς

342 1925 377 1991 ἐν
399 1923 479 2012 λόγῳ
502 1925 637 2006 πόλεως,
654 1925 775 2006 ἴδωμεν
798 1933 986 2012 κινουμένην
1009 1920 1111 1990 αὐτῶν
1126 1925 1367 2011 circuiverat!

342 2033 464 2108 Quibus
493 2054 565 2096 cum
594 2033 697 2096 verbis
730 2032 890 2098 Gottwald
919 2034 962 2116 (p.
989 2035 1040 2109 12)
1073 2041 1236 2118 comparat
1273 2033 1366 2118 Reip.

244 2146 249 2152 “
340 2136 451 2200 verba:
476 2135 593 2200 450A:
611 2127 700 2215 ,ὅσον
714 2130 810 2211 λόγον
826 2129 933 2215 πάλιν,
950 2127 1063 2215 ὥσπερ
1080 2131 1115 2208 ἐξ
1128 2127 1234 2218 ἀρχῆς,
1249 2142 1367 2198 κινεῖ-

340 2259 383 2301 τε
406 2237 501 2318 περὶ
523 2235 594 2319 τῆς
617 2235 856 2306 πολιτείας]
901 2237 965 2301 Sed
993 2236 1034 2300 ad
1063 2237 1142 2302 haec
1170 2239 1267 2302 rerba
1288 2239 1366 2304 Naz.

341 2341 419 2404 mihi
440 2362 503 2403 non
526 2340 665 2403 alludere
688 2337 823 2421 videtur,
846 2339 923 2403 dicit
945 2340 1047 2404 enim:
1071 2334 1101 2417 ,ὅ
1124 2358 1204 2423 φησι
1226 2339 1367 2402 Πλάτων

341 2443 440 2522 περὶ
463 2444 517 2526 τῆς
540 2437 575 2504 ἐν
597 2437 681 2520 λόγω
697 2437 829 2510 πόλεως(
846 2481 885 2487 -
902 2442 958 2505 sed
974 2444 1068 2528 plane
1084 2444 1212 2528 respicit
1227 2444 1367 2508 Socratis

340 2549 437 2611 verbe
470 2549 503 2619 in
532 2547 664 2610 Timaeo
696 2568 727 2630 p.
754 2547 827 2610 19ss
859 2546 960 2610 dicta:
996 2539 1142 2623 ,ἀκούοιτ’
1164 2539 1204 2607 ἂν
1233 2541 1297 2630 ἤδη
1326 2544 1367 2610 τὰ

339 2641 419 2728 μετά
439 2648 537 2711 ταῦτα
559 2649 655 2728 περὶ
681 2645 748 2732 τῆς
770 2647 986 2717 πολιτείας
1015 2643 1054 2728 ἣν
1082 2645 1268 2731 διήλθομεν,
1298 2640 1368 2712 οἷόν

340 2776 371 2816 τι
394 2742 475 2834 πρὸς
497 2743 594 2835 αὐτὴν
616 2745 794 2819 πεπονθὼς
816 2747 965 2830 τυγχάνω.
988 2757 1163 2832 προσέοικε
1184 2751 1220 2815 δὲ
1247 2750 1288 2835 δι’]
1306 2758 1372 2817 τινί

339 2879 396 2936 μοι
418 2856 533 2938 τοιῷδε
554 2848 591 2917 τὸ
615 2853 736 2932 πάθος,
760 2844 828 2917 οἱον
848 2852 883 2916 εἴ
893 2875 939 2924 τις
954 2852 1020 2938 ζῷα
1033 2851 1113 2918 καλά
1128 2878 1192 2918 που
1208 2853 1366 2936 θεασάμε-

339 2982 402 3043 νος,
423 2957 490 3023 εἴτε
511 2955 577 3022 άπὸ
600 2955 721 3043 γραφῆς
744 2955 955 3040 εἰργασμένα.
974 3011 981 3025 .
999 3010 1006 3024 .
1025 2956 1070 3029 εἰς
1093 2955 1272 3039 ἐπιθυμίαν
1293 2955 1366 3044 ἄφί-

339 3087 425 3127 κοιτσ
456 3061 695 3126 θεάσασθαι
729 3059 952 3140 κινούμενά
980 3083 1025 3124 τε
1052 3054 1148 3126 αὐτὰ
1178 3101 1219 3108 -
1248 3058 1366 3127 ταάτὸν

339 3168 391 3230 καλ
414 3159 472 3246 ἐγὼ
496 3168 648 3228 πέπονθα
670 3155 754 3246 πρὸς
778 3161 836 3244 τὴν
857 3160 956 3227 πόλιν
979 3159 1020 3247 ἢν
1044 3164 1244 3248 διήλθομεν(

424 3271 476 3336 Ex
499 3271 631 3334 Timaeo
655 3269 791 3352 denique
823 3276 956 3332 consuta
986 3277 1061 3333 sunt
1089 3270 1152 3353 illa,
1184 3272 1298 3355 quibus
1332 3294 1366 3336 se

339 3397 448 3441 eorum
472 3396 535 3438 non
560 3374 706 3438 assentiri
729 3372 806 3435 dicit
832 3374 1020 3455 sententiae⁷
1050 3375 1104 3456 qui
1134 3374 1365 3459 providentiam

337 3479 379 3542 ad
402 3481 508 3543 omnia
531 3499 600 3542 sese
623 3476 784 3560 porrigere
807 3477 1060 3560 putaverint...
1085 3471 1195 3558 ,άλλὰζ
1218 3478 1245 3561 Ι,
1267 3479 1364 3543 9010

337 3585 558 3648 Nazianzenus
580 3581 693 3666 pergit,
717 3580 778 3658 ,καὶ
799 3576 884 3641 θεὸν
904 3570 984 3640 εἶναι
1000 3579 1069 3642 τὸν
1090 3577 1255 3643 πάντων
1276 3603 1366 3642 ποι-

337 3680 415 3770 ητὴν
436 3680 997 3767 καὶδημιουργόνπιστεύομεν.
1027 3685 1099 3752 πῶς
1113 3680 1172 3765 γάρ
1188 3677 1366 3747 άνῦπέσ-

337 3813 381 3873 τη
404 3782 448 3850 τὸ
478 3787 559 3849 πᾶν
586 3781 632 3868 μή
659 3803 743 3852 τινος
774 3777 983 3854 οάσιιάσαντάς
1013 3806 1047 3847 τε
1076 3785 1127 3848 καὶ
1157 3783 1365 3869 συναρμό-

336 3910 499 3962 σαντσς,·
534 3889 584 3951 καὶ
621 3885 827 3968 πρόνοιαν
860 3881 1046 3970 εἰσάγωμεν,
1083 3886 1143 3972 τὴν
1178 3887 1273 3952 τοῦδε
1308 3889 1365 3952 τοῦ

336 3986 458 4063 nancte
489 3989 734 4075 συνεκτικὴν
765 4011 802 4053 τε
830 3990 881 4053 καὶ
909 3989 1172 4075 συνδετικὴν,
1202 3989 1278 4056 ἐπεὶ
1312 3993 1363 4055 καὶ

335 4091 517 4181 προνοητὴυ
549 4086 631 4158 εἶναι
662 4091 791 4172 τούτων,
821 4078 865 4154 ὧν
898 4089 1035 4178 ποιητὴν
1065 4085 1148 4157 εἶναι
1180 4089 1359 4174 ἀναγκαῖον.

336 4199 368 4264 εἰ
386 4193 432 4286 μὴ
453 4198 564 4281 μέλλοι
585 4193 623 4261 τά
640 4197 706 4261 πᾶν
728 4194 780 4280 τῷ
803 4190 849 4259 ον’
868 4193 1031 4281 τομάτῳ
1047 4195 1282 4278 φερόμενον
1304 4252 1312 4266 .
1331 4247 1362 4266 ..

336 4296 445 4368 αὐτίκα
473 4356 479 4371 .
507 4354 512 4366 .
537 4355 544 4370 .
574 4299 886 4386 διασπασθήσεσθαι
915 4297 968 4363 διὰ
1004 4298 1074 4385 τὴν
1103 4297 1271 4376 άταξίαν
1296 4306 1364 4388 τῆς

335 4401 451 4493 aare
