3042 5084
537 565 743 627 „21.„

128 719 211 790 εἶναι
233 723 292 812 τὴν
315 725 424 812 ψυχὴν
439 730 490 791 καὶ
507 725 662 812 idioten
677 729 855 811 reincepta
870 734 970 812 φησίν
986 781 993 796 .
1012 781 1019 795 .
1038 781 1044 794 .
1068 731 1159 805 Quae

128 832 238 914 verba,
261 854 455 916 quamquam
479 833 519 896 ad
541 835 619 898 alios
642 856 767 918 quoque
783 834 894 912 referri
909 840 1042 918 possunt
1057 834 1159 918 philo·

128 936 258 1020 sophos,
282 941 390 1000 tamen
413 936 453 1000 ad
470 936 637 1001 Platonem
660 938 818 1022 respicere
840 942 928 1021 puto,
948 938 1024 1022 quia
1038 938 1157 1022 pergit:

127 1029 219 1120 ,ἀλλὰ
232 1042 437 1119 μεταβαίνειν
453 1031 520 1102 ἀπὸ
534 1033 691 1118 σωμάτων
705 1037 750 1108 εἰς
764 1031 804 1102 τὰ
813 1034 946 1118 σώματα
956 1039 1008 1100 καὶ
1022 1035 1056 1100 ἐκ
1070 1038 1160 1116 λογι-

126 1139 184 1224 κῆς
206 1136 341 1222 φύσεως
356 1138 401 1210 εἰς
423 1136 538 1218 ἄλογον
561 1134 658 1225 αὐτὴν
679 1139 903 1223 μειπφὺεσθαι
919 1192 927 1208 .
944 1192 977 1209 ,.
1022 1142 1158 1206 Accedit

126 1266 214 1327 vero,
252 1245 336 1328 quod
370 1244 546 1308 identidem
582 1246 681 1329 ipsius
714 1244 859 1308 Platonis
896 1245 935 1308 de
979 1246 1157 1308 animarum

128 1349 320 1432 migratione
345 1349 535 1412 sententiam
558 1349 735 1433 impugnat,
758 1348 897 1412 maxime
920 1349 953 1411 in
983 1348 1074 1430 libro,
1105 1349 1158 1432 qui

127 1458 178 1516 est
208 1452 247 1515 de
278 1453 385 1514 anima
415 1457 448 1516 et
477 1451 716 1516 resurrectione.
770 1452 893 1516 Tamen
929 1473 994 1514 non
1031 1472 1158 1515 omnem
1223 1477 1227 1484 ¹

126 1554 202 1618 huic
226 1557 403 1620 sententiae
427 1574 499 1619 eum
522 1555 680 1637 abnegare
703 1555 801 1618 fidem
823 1561 957 1639 apparet
979 1576 1021 1618 ex
1042 1554 1157 1637 verbis,

125 1657 437 1741 quibus111‚1080
463 1661 501 1723 10
534 1679 598 1742 seq.
623 1679 656 1722 se
687 1680 728 1722 ex
756 1657 817 1721 hac
846 1659 1004 1722 sententia
1034 1663 1158 1721 tantum

125 1759 272 1844 accipere
295 1761 376 1825 velle
400 1760 486 1843 dicit,
510 1767 664 1845 quantum
688 1761 765 1824 satis
797 1761 838 1824 sit
866 1761 908 1824 ad
937 1759 1157 1824 demonstran·

124 1863 203 1926 dum
226 1862 309 1926 hanc
332 1864 524 1927 sententiam
540 1863 645 1947 aliquo
660 1862 755 1926 modo
771 1863 940 1927 convenire
963 1884 1036 1926 curn
1051 1884 1155 1926 resur·

125 1965 276 2030 rectionis
299 1964 458 2031 doctrina:
483 1963 530 2047 ,τὸ
554 1961 614 2044 γὰρ
635 1964 756 2048 λέγειν’,
789 1967 893 2051 pergit
914 1957 1036 2044 ,αὐτοὺς
1056 1961 1155 2027 πάλιν

62 2102 66 2106 -
123 2067 210 2129 τισὶν
225 2064 491 2145 ἐπεισκρίνεσθαι
505 2065 646 2146 σώμασιν
657 2066 737 2145 μετὰ
750 2061 811 2151 τὴν
822 2059 889 2135 ἀπὸ
900 2063 1021 2130 τούτων
1032 2063 1154 2137 ‹lidden-

124 2174 176 2243 ξτν
190 2174 244 2248 (cl.
258 2170 380 2236 Phaed.
394 2175 434 2236 88
442 2171 483 2247 Β)
497 2168 554 2252 τὴν
567 2167 685 2254 ψυχὴν,
697 2162 734 2233 ori
746 2169 816 2232 λίαν
829 2165 950 2253 ἀπᾴδει
963 2169 1019 2252 τῆς
1033 2166 1155 2242 ἐλπιζο-

123 2277 223 2354 μένης
234 2268 309 2356 ἡμῖν
321 2265 538 2353 ἀναβιώσεωςῐ.
572 2274 753 2338 Discrimen
765 2280 873 2337 autem
884 2274 916 2336 in
930 2295 968 2338 eo
984 2274 1157 2338 consistere

81 2435 95 2458 ,
125 2378 213 2460 dicit,
236 2377 321 2462 quod
338 2377 510 2441 Christiani
534 2377 669 2441 doceant
690 2376 777 2441 idom
792 2399 900 2440 rursus
916 2376 998 2440 circa
1016 2377 1157 2440 animam

124 2480 263 2558 eandem
286 2499 489 2544 concrescere
506 2500 629 2563 corpus,
645 2478 689 2541 illi
705 2500 780 2542 vero
796 2484 909 2563 putent
923 2478 964 2542 ad
980 2479 1043 2542 alia
1058 2500 1154 2563 quae·

123 2582 201 2645 dam
225 2603 357 2666 corpora
379 2582 519 2645 animam
542 2580 642 2664 redigi
664 2587 759 2664 atque
784 2582 927 2646 transire.

212 2687 328 2751 Fusius
351 2687 466 2751 deinde
489 2707 508 2750 a
533 2707 605 2771 pag.
639 2685 778 2751 11208
809 2694 905 2771 atque
933 2686 1055 2750 eisdem
1088 2687 1155 2749 lere

124 2811 208 2873 quae
231 2790 264 2852 in
287 2790 431 2854 Platonis
454 2789 601 2854 Phaedro
624 2794 752 2852 exstant
773 2789 878 2853 verbis
908 2788 990 2852 hanc
1020 2787 1060 2852 de
1089 2789 1156 2851 ani·

123 2913 251 2954 marum
273 2892 463 2975 migratione
487 2892 618 2976 exponit
640 2891 842 2972 sententiam,
866 2892 954 2955 cuius
978 2912 1080 2976 pauca
1103 2892 1154 2954 hic

123 2993 259 3058 afferam
274 2995 365 3058 iuxta
386 2994 530 3058 Platonis
553 2995 666 3060 verba:
691 2991 822 3076 ,ἥκουσα
845 3044 853 3060 .
877 3045 884 3059 .
909 3045 916 3059 .
940 2995 1004 3055 τῶν
1027 2997 1155 3056 τυταῡια

123 3093 413 3175 δογματιζόντωνῑ)
439 3089 492 3159 ὅτι
514 3092 595 3180 ἔθνη
618 3092 689 3158 τινὰ
716 3097 780 3159 τῶν
803 3096 915 3178 ψυχῶν
943 3089 1155 3159 ἀποτίθενται

123 3195 160 3261 ἐν
182 3195 346 3283 ἰδιαζνὺσῃ
368 3198 430 3262 τινὶ
453 3197 595 3280 πολιτείᾳ
616 3200 710 3276 (Plat.
727 3199 809 3283 Rep.
825 3191 934 3276 6190)
959 3189 1026 3279 πρὸ
1043 3197 1099 3281 τῆς
1115 3195 1149 3261 ἐν

123 3297 246 3382 σώματι
269 3301 351 3384 ζωῆς
371 3300 557 3380 decredetur
579 3301 613 3362 ἐν
628 3302 673 3383 τῷ
689 3299 798 3384 λεπτῷ
812 3320 847 3363 τε
861 3301 913 3362 καὶ
928 3296 1083 3384 εὐκτνὴτῳ
1099 3300 1153 3382 τῆς

123 3401 252 3484 φύσεως
274 3400 394 3466 ἑαυτῶν
415 3405 453 3486 τῇ
479 3405 535 3466 τοῦ
558 3396 677 3472 παντὸς
700 3402 1005 3483 συμπεριπολοῡντα
1020 3399 1152 3485 δινήσει(

125 3507 278 3585 (Phaedr.
310 3510 372 3571 246
381 3507 433 3584 Β).
485 3507 674 3571 Accuratius
713 3507 891 3570 animarum
928 3507 1150 3590 migrationem

124 3612 270 3674 Platonis
293 3610 398 3674 verbis
421 3609 612 3694 descriptam
634 3609 708 3673 inde
732 3632 751 3673 a
773 3630 844 3693 pag.
863 3609 958 3673 1130
975 3610 1151 3694 impugnat,

123 3712 211 3798 quod
233 3713 356 3776 nullum
378 3713 411 3774 in
434 3733 468 3776 se
493 3712 604 3776 stabile
628 3712 864 3775 firmamentum
887 3713 1020 3777 habeat:

122 3903 332 3913 —--———-

213 3984 234 4054 ¹)
253 3961 406 4053 (ingonem
430 3999 493 4035 oum
524 3981 691 4052 intellegere
717 3999 750 4036 ex
777 3998 839 4052 cap.
862 3983 897 4038 28
923 3983 990 4038 libri
1015 3984 1093 4039 illius
1118 3983 1154 4036 de

122 4071 197 4124 hom.
217 4069 286 4140 opii.
307 4069 412 4139 (1332)
431 4073 559 4138 apparet,
577 4085 633 4140 quo
652 4068 715 4122 loco
729 4068 882 4140 Origenem
895 4072 1009 4126 incusat
1022 4089 1078 4126 non
1093 4089 1154 4125 esse

122 4159 276 4212 immunem
284 4163 340 4210 τῶν
349 4155 518 4221 Ἑλληνικῶν
530 4150 680 4225 δογμάτων
689 4161 746 4209 τῶν
756 4159 815 4230 περὶ
824 4164 873 4222 τῆς
885 4156 1154 4228 μεττνσωματόστως

124 4245 226 4309 αὐτοῖς
246 4241 534 4313 μεμυθολογημένων.
571 4241 683 4295 Deinde
704 4243 867 4297 accuratius
886 4262 934 4297 eas
953 4245 1070 4315 exponit
1088 4245 1153 4301 doc·

124 4333 229 4399 trinas,
249 4331 333 4400 plano
352 4335 445 4383 autern
464 4330 559 4383 verbis
577 4328 713 4383 Platonis.
