3042 5084
725 527 935 590 ..48-

320 700 463 763 Platonis
493 719 563 762 csse
595 696 784 781 Gregorium
813 717 878 760 non
906 695 1080 778 ignorasse,
1109 695 1207 758 immo
1237 715 1277 756 ea
1305 713 1349 756 ex

320 803 388 886 ipso
422 801 557 864 Platone
592 800 765 883 sumpsisse
803 799 882 861 mibi
919 818 1107 881 persuasum
1141 801 1191 860 est
1223 818 1265 860 ex
1296 794 1349 877 iis,

320 904 433 988 quibus
457 908 552 966 antea
573 902 761 986 Gregorium
786 907 887 964 totum
911 900 995 964 hunc
1009 899 1218 984 Reipublicae
1240 898 1349 961 locum

318 1005 434 1089 legisse
457 1004 600 1088 exposui.

405 1108 471 1172 Sed
501 1115 534 1172 et
562 1108 696 1172 alteram
719 1107 863 1170 Platonis
892 1106 1094 1188 sententiam,
1128 1126 1191 1190 qua
1224 1106 1348 1169 malum

316 1211 416 1274 invito
440 1209 568 1273 homine
592 1209 745 1272 exsistere
769 1209 931 1292 probatur,
953 1207 1039 1291 apud
1053 1207 1235 1292 Nysscnum
1255 1207 1349 1270 iuxta

316 1315 404 1378 illam
427 1312 466 1376 de
496 1311 633 1375 hominis
662 1311 762 1374 libero
793 1311 923 1374 arbitrio
953 1318 1079 1374 exstare
1108 1310 1287 1374 videbimus
1310 1317 1351 1373 ut

317 1416 402 1501 apud
435 1416 603 1478 Platonem
639 1414 691 1491 (ci.
715 1433 788 1498 pag.
811 1416 876 1490 110).
929 1414 1019 1487 Quae
1053 1414 1153 1477 altera
1186 1414 1350 1477 sententia

318 1521 382 1582 iam
405 1539 446 1582 ex
467 1517 571 1581 verbis
594 1516 655 1579 illis
679 1522 775 1579 antea
797 1516 1053 1580 commemoratis
1077 1565 1084 1580 .
1109 1566 1116 1580 .
1146 1509 1192 1596 ,ip
1208 1508 1349 1596 ἀβουλία

320 1615 391 1682 ἀντὶ
413 1617 469 1682 τοῦ
491 1623 673 1700 κρείττονος
695 1617 906 1700 οροολομένηί
924 1667 955 1683 ..
978 1619 1136 1702 pellucere
1159 1618 1237 1681 mihi
1258 1618 1349 1682 vide·

318 1731 377 1789 tur.
433 1722 616 1788 Secundum
650 1723 729 1786 baec
763 1723 848 1784 enim
889 1723 987 1786 verba
1026 1743 1090 1785 non
1129 1744 1172 1786 cx
1207 1722 1347 1786 hominis

321 1829 486 1893 voluntate
520 1828 639 1890 nialum
673 1826 808 1907 exsistit,
842 1826 898 1890 sed
928 1847 969 1890 ex
998 1827 1081 1889 malo
1111 1827 1180 1889 eius
1202 1826 1346 1907 consilio,

322 1930 407 2015 quod
431 1950 488 2014 pro
511 1930 641 1994 meliore
665 1929 753 2010 eligit
775 1928 817 2011 id,
840 1928 924 2012 quod
947 1936 996 1992 est
1016 1929 1166 2003 deterius.

406 2034 459 2097 Ad
484 2033 567 2097 illius
590 2053 714 2116 quoque
737 2031 864 2094 Alcinoi
887 2033 1038 2096 orationis
1060 2033 1157 2097 verba
1185 2031 1346 2116 quaedam

321 2138 493 2222 Gregorius
516 2136 577 2219 ΙΙΙ,
604 2135 702 2200 1120
726 2139 745 2199 8
769 2156 834 2218 seq.
858 2136 979 2219 alludit,
1012 2157 1094 2221 quae
1120 2136 1221 2200 'verba
1249 2141 1347 2198 antea

316 2243 380 2304 iam
404 2245 652 2306 commemorata
676 2240 729 2315 (cl.
753 2258 784 2322 p.
808 2241 861 2315 21)
885 2239 1025 2304 breviter
1052 2246 1206 2324 repetam.
1251 2239 1347 2302 Dixit

319 2345 490 2428 Gregorius
514 2343 672 2408 audivisse
696 2362 730 2406 se
753 2362 795 2405 ex
817 2342 866 2424 iis,
889 2343 942 2426 qui
966 2344 1092 2406 animae
1121 2343 1346 2427 migrationem

317 2447 477 2529 docerent,
506 2437 572 2523 ,ὅτι
602 2440 705 2527 ἔθνη
730 2439 824 2505 τινὰ
852 2443 930 2506 τῶν
951 2445 1096 2528 ψυχῶν
1118 2440 1346 2507 ὑποτίθεν-

316 2569 383 2611 ται
416 2542 459 2610 ἓν
493 2543 714 2630 ἰδιοαζοὺσῃ
748 2547 834 2609 τινὶ
866 2551 1058 2630 πολιτείᾳ
1086 2542 1168 2629 πρὸ
1196 2547 1267 2629 τῆς
1303 2540 1347 2605 ἒν

318 2648 473 2732 σώματι
506 2648 609 2734 ζωῆς
641 2647 842 2742 βιοτειῖοντα(
866 2691 905 2698 -
931 2655 1026 2736 (quae
1048 2658 1227 2736 sequuntur
1247 2651 1347 2714 verba

319 2757 456 2841 repetita
479 2761 553 2819 sunt
574 2775 615 2818 ex
637 2755 785 2819 Phaedro
808 2757 848 2820 cl.
871 2777 902 2840 p.
926 2758 991 2832 21).

404 2859 497 2922 Plato
526 2858 609 2921 hanc
638 2858 758 2942 profert
788 2859 979 2922 sententiam
1001 2858 1082 2943 Rep.
1106 2857 1221 2923 6190:
1255 2849 1348 2938 ,εἶναι

421 2954 520 3025 αὐτὸν
542 2961 604 3025 τῶν
627 2957 661 3024 ἐκ
683 2962 739 3023 τοῦ
774 2955 912 3043 οὐρανοῦ
945 2956 1096 3045 ἡκόντων,
1128 2959 1169 3024 ἐν
1198 2982 1347 3040 τεταγ-

315 3069 414 3148 μένῃ
435 3056 629 3148 soltreia
651 3059 668 3125 ἐ
683 3085 701 3125 ν
723 3062 775 3147 τῷ
798 3070 982 3148 προτέρῳ
1003 3067 1071 3148 βίῳ
1085 3063 1346 3146 βεβιωκότα.“)

404 3168 528 3242 Quibus
559 3189 601 3232 ex
630 3169 777 3231 omnibus
807 3169 884 3232 satis
916 3175 1049 3252 apparet
1080 3169 1268 3252 Gregorium
1298 3170 1347 3231 ul-

317 3335 377 3390 vito
395 3334 507 3386 homine
528 3335 662 3387 exsistere
682 3335 824 3404 probabat
843 3337 926 3397 (Tim.
945 3337 979 3390 86
990 3337 1017 3389 D
1036 3337 1072 3389 ef.
1086 3354 1151 3407 pag.
1165 3337 1210 3406 60)
1223 3337 1346 3389 hominis

316 3420 436 3474 liberum
455 3421 604 3474 arbitrium
624 3439 657 3473 ex
676 3439 708 3475 eo
729 3421 821 3488 docet,
841 3423 916 3492 quod
930 3423 1020 3476 virtus
1034 3425 1071 3476 sit
1085 3423 1253 3477 voluntaria.
1281 3424 1344 3476 Nec

318 3508 410 3560 minus
436 3523 497 3559 eam
524 3508 694 3560 sententiam
720 3507 803 3560 Philo
822 3507 945 3562 Iudaeus
973 3509 1344 3579 (velt1t11‚263,30)1³10-

316 3595 449 3664 tinusque
477 3612 510 3646 ex
537 3595 656 3648 Platone
675 3596 878 3665 repetiverunt.
916 3597 1141 3650 HiccamEnn.
1161 3598 1344 3667 1211111.-

315 3669 354 3748 ll,
373 3683 398 3748 3,
419 3681 449 3748 93
471 3682 517 3748 153
537 3680 587 3748 IV,
605 3683 630 3749 4,
649 3683 697 3749 393
718 3682 849 3750 v1,8,5
872 3689 1080 3750 commemorat,
1105 3685 1234 3738 Platonis
1260 3689 1344 3737 utens

315 3768 424 3823 verbis:
444 3762 537 3844 ,ἀρετὴ
557 3763 712 3822 ἀδέσποτον
734 3814 738 3825 .
760 3807 766 3820 .
786 3771 866 3824 αἰτία
886 3769 1025 3840 ἑλομένουι
1044 3772 1173 3840 aliisque.

404 3875 426 3940 ¹)
444 3870 491 3924 Ad
516 3871 587 3924 haee
613 3873 741 3926 Platonis
768 3875 855 3927 verba
873 3873 1009 3928 Nazianz.
1029 3875 1131 3929 alludit
1149 3877 1188 3944 ll,
1206 3875 1292 3931 3000
1309 3877 1346 3931 8:

284 4011 288 4018 ,
316 3957 470 4029 ,φοβοῦμαι
489 3954 526 4030 μὴ
546 4002 569 4016 ..
591 3963 632 4026 τὶς
651 3959 759 4034 εἰσέλθῃ
779 3957 910 4031 λογισμός
929 3961 965 4027 ὥς
984 3970 1043 4028 τῆς
1063 3972 1180 4034 ψυχῆς
1210 3963 1346 4033 ἀλλαχοῦ

313 4045 642 4116 ’τολιτευσαμένης,
683 4041 743 4102 εἶτα
779 4054 818 4120 τῷ
847 4047 958 4119 σώματι
984 4051 1093 4124 τούτῳ
1123 4049 1345 4119 talassium,

315 4137 363 4188 καὶ
390 4133 422 4186 ἐκ
452 4142 514 4198 τῆς
541 4135 685 4190 ἐκεῖθεν
715 4136 915 4202 πολιτείας
944 4145 1004 4192 τῶν
1031 4146 1079 4208 μὲν
1105 4138 1254 4206 λαβόντων
1281 4135 1347 4204 τὴν

315 4224 543 4298 τροφήτειαν
562 4224 604 4290 (ut
622 4223 759 4277 Alcinous
779 4223 855 4295 illel)
879 4231 947 4278 τῶν
973 4221 1007 4280 δὲ
1031 4230 1348 4304 κατακρινομὲνων

315 4301 395 4363 ὅσοι
421 4315 540 4376 κακῶς
566 4308 805 4377 βεβιώκασιν]
