3042 5084
779 511 990 574 „24-

373 703 438 766 seq.
461 682 606 746 Plotinus
629 681 711 745 hane
734 681 866 765 exponit
888 679 1082 744 doctrinam:
1106 675 1150 760 ,ἐν
1167 679 1300 762 Φαίδρῳ
1323 698 1401 740 πτε-

372 779 548 868 ρορρύησιν
564 781 667 846 αἰτίαν
681 781 734 866 τῆς
749 777 891 846 ἐνταῦθα
904 785 959 860 (se.
972 776 1053 862 πρὸς
1066 773 1105 845 τὸ
1114 781 1244 864 νοηιὸν)
1254 775 1401 864 dostruat.

372 885 424 950 καὶ
444 887 593 966 περίοδοι
615 878 699 969 αὐτῷ
722 876 923 948 ἀνελθοῦσαι
952 880 1089 967 (ψυχὴν)
1118 880 1216 947 πάλιν
1243 889 1402 967 φέρουσιν

371 987 456 1074 τῇδε.
493 1025 532 1034 -
562 990 620 1072 lV,
643 993 673 1073 8,
696 993 732 1055 2:
769 990 823 1051 καί
848 1003 929 1070 φησι
958 983 1122 1071 (illotos)
1151 983 1209 1071 τὴν
1239 980 1397 1071 ἡμετέραν

373 1087 505 1174 (ψυχήν)
551 1141 559 1157 .
591 1141 598 1158 .
629 1142 636 1157 .
670 1141 678 1158 .
721 1088 948 1154 αελειωδεῑσαν
974 1089 1025 1152 καί
1051 1083 1151 1174 αὐτὴν
1177 1095 1402 1169 μετεωροαεῑν

371 1195 424 1257 καὶ
445 1191 548 1258 πάντα
571 1191 628 1258 τόν
649 1189 773 1274 κόσμον
792 1194 922 1256 διοικεῖν
942 1193 1091 1271 (Phaedr.
1112 1197 1174 1259 246
1182 1196 1223 1271 Β)
1245 1233 1284 1240 —
1301 1195 1403 1258 Prae·

373 1306 461 1364 terea
482 1300 540 1383 IV,
564 1303 594 1382 8,
617 1302 637 1362 4
660 1337 699 1344 -
723 1299 786 1381 ΙΠ,
810 1302 839 1380 7,
864 1300 921 1381 11;
946 1301 995 1362 13.
1020 1334 1059 1341 -
1082 1297 1140 1380 IV,
1164 1301 1194 1380 3,
1218 1301 1247 1362 7.

458 1403 582 1467 Eodem
621 1402 717 1466 modo
748 1401 943 1487 Porphyrius
971 1402 1087 1486 aliique
1127 1401 1210 1465 illius
1247 1402 1401 1484 temporis

373 1505 552 1590 philosophi
580 1505 666 1569 illam
692 1506 883 1569 seutentiam
913 1526 976 1568 non
1006 1525 1045 1568 eu
1074 1504 1184 1568 ordine
1214 1505 1403 1589 exposuisse
1494 1560 1495 1567 ,

375 1608 532 1691 videntur,
556 1629 618 1692 quo
642 1607 734 1672 Plato
758 1628 830 1671 earu
853 1607 1045 1692 explanavit,
1069 1608 1126 1672 sed
1147 1612 1184 1671 ut
1214 1612 1326 1671 renota
1358 1628 1400 1670 ea
1494 1616 1495 1684 l

372 1711 420 1774 usi
447 1717 529 1775 sunt.

461 1812 525 1878 Sed
548 1831 729 1904 pergangls.
774 1813 825 1876 Ex
847 1812 991 1876 Platonis
1011 1812 1159 1878 Phaedro
1174 1813 1339 1898 Nyssenus
1361 1833 1403 1875 ea
1494 1864 1495 1916 ,

372 1937 497 2000 quoque
518 1916 616 1980 verba
639 1916 825 1999 repetivisse
853 1915 931 1978 mihi
956 1915 1091 1998 videtur,
1119 1935 1201 2000 quae
1223 1914 1303 1996 165,
1326 1914 1356 1976 D
1381 1917 1403 1977 3

372 2018 536 2100 leguntur:
560 2007 608 2100 ,οὖ
629 2009 926 2083 desectio...de
949 2017 1002 2100 τῆς
1024 2007 1225 2097 οὐρανίαν
1248 2009 1404 2097 ἁψῖδος

373 2114 407 2181 ἐν
421 2120 465 2202 τῷ
496 2119 700 2202 σφαιροειδεῖ
719 2115 853 2200 σχήματι
876 2111 913 2180 ιδ
928 2111 1064 2200 deuouit
1079 2115 1242 2202 ἐφιζῇσαί.
1280 2120 1404 2194 Quibus

372 2223 477 2288 verbis
492 2224 662 2307 Gregorius
686 2223 799 2287 alludit
820 2223 861 2287 ad
884 2223 1021 2288 Phaedr.
1044 2224 1159 2288 24713:
1182 2225 1293 2304 ,(δεοί)
1316 2215 1398 2284 ὅταν

374 2375 381 2390 .
406 2375 413 2390 .
437 2375 445 2392 .
468 2319 523 2387 ἐπὶ
544 2327 659 2408 θοίνην
681 2321 782 2397 ἴωσιν,
806 2318 905 2404 ἄκραν
927 2319 983 2386 εἰνὶ
1006 2320 1063 2407 τὴν
1085 2318 1344 2404 ὑπουράνιον
1366 2318 1400 2384 ἆ-

373 2427 474 2510 ψῖδα
496 2425 689 2508 πορεύονται
713 2479 720 2494 .
746 2425 764 2492 .‘
787 2428 855 2492 Neo
878 2429 983 2492 minus
1009 2449 1091 2512 quae
1123 2429 1208 2512 apud
1231 2428 1400 2491 Platonem

377 2538 552 2617 sequuntur
583 2531 681 2596 verba
713 2531 884 2614 Gregorius
917 2531 950 2594 in
983 2552 1076 2594 usum
1110 2552 1202 2594 suum
1236 2531 1401 2612 convertit,

376 2635 481 2699 verbis
514 2634 576 2717 ΠΙ,
616 2634 715 2700 288Β
752 2637 808 2699 14:
861 2627 1011 2715 ,εὐπειθῆ
1044 2634 1096 2695 καὶ
1132 2618 1296 2717 αι”ἡνιον
1332 2628 1403 2713 τὴν
1493 2690 1494 2693 ,

377 2730 509 2818 ψυχὴν
532 2741 596 2804 τοῖς
616 2733 683 2820 τῆξ
702 2728 851 2820 ἀρειῆς
866 2730 1263 2815 ἐαιδιδόναιδρόμοις]
1307 2735 1402 2799 Plato

376 2840 460 2904 enirn
483 2839 503 2904 l.
527 2861 553 2902 o.
577 2840 621 2902 sio
654 2840 773 2922 pergit:
804 2888 812 2904 .
836 2888 844 2904 .
868 2889 876 2903 .
900 2823 928 2922 ,ᾗ
958 2834 999 2920 δὴ
1029 2831 1069 2900 τὰ
1088 2835 1146 2916 μὲν
1167 2835 1254 2900 θεῶν
1276 2832 1399 2919 ὄχήμια

375 2931 558 3023 ι’σορῥὸιτως
580 2935 719 3024 erinium
742 2935 822 3002 ὄντα
844 2934 959 3022 ῥαδίως
981 2936 1162 3023 πορεύεται,
1191 2937 1230 3002 τὰ
1262 2938 1299 3002 δὲ
1318 2934 1400 3000 ἄλλα

375 3042 484 3123 popae!
521 3045 630 3109 Fluxit
652 3051 759 3108 autem
783 3050 884 3107 totum
900 3044 978 3107 illud
993 3043 1119 3108 dicendi
1134 3065 1245 3128 genus,
1261 3044 1402 3107 animam
1492 3088 1493 3103 2

376 3148 496 3211 scilieet
517 3147 558 3210 ad
581 3148 729 3211 virtutem
746 3167 882 3229 currere,
899 3168 940 3210 ex
955 3147 1098 3210 Plutonis
1117 3147 1256 3230 imagine
1272 3147 1400 3210 animae

376 3249 433 3313 alis
456 3249 629 3333 praeditae,
652 3270 734 3333 quae
758 3250 785 3312 si
815 3270 849 3312 se
879 3249 979 3312 semel
1009 3249 1227 3333 explicuerint,
1260 3249 1403 3312 animam

377 3357 488 3436 sponte
513 3373 570 3414 sua
593 3351 633 3414 ad
656 3351 811 3415 caelestes
842 3351 934 3415 sedes
965 3351 1102 3416 evehant
1132 3353 1185 3428 (el.
1208 3351 1403 3434 Krabingeri

375 3455 425 3520 ed.
449 3453 565 3537 dialogi
596 3454 794 3538 Gregoriaui,
817 3456 870 3538 qui
892 3461 942 3518 est
964 3454 1003 3518 de
1026 3476 1077 3519 an.
1100 3460 1134 3518 et
1155 3477 1215 3519 res.
1249 3476 1280 3539 p.
1313 3457 1429 3530 260).*
1491 3506 1492 3511 η

376 3558 457 3622 Plat.
481 3557 597 3622 Phadr.
621 3557 736 3623 2480:
768 3552 865 3640 ἡιαῦ
889 3557 1008 3638 πτεροῦ
1031 3553 1136 3637 φύσις,
1159 3543 1183 3641 ᾧ
1208 3554 1296 3640 ψυχὴ
1317 3579 1403 3619 κον·

375 3659 635 3742 φίζειαιοίοί.
681 3660 844 3725 Ο[.οίίοιη
863 3662 1196 3745 Greg.Hl,88Aq.:
1241 3661 1404 3742 ,κοῦφος
1491 3649 1492 3672 ’

376 3812 384 3830 .
407 3812 415 3829 .
439 3757 458 3823 δ
480 3757 565 3842 πρὸς
586 3754 624 3824 ιδ
647 3755 775 3839 ἀγαθὸν
795 3760 850 3848 τῆς
871 3762 976 3849 ψυχῆς
997 3760 1126 3844 δρόμος.
1491 3762 1492 3787 ¹

460 3865 534 3928 Alio
557 3872 722 3949 praeterea
744 3867 813 3931 loeo
844 3867 970 3952 dialogi,
1000 3869 1054 3952 qui
1084 3874 1133 3933 est
1162 3868 1201 3956 de
1232 3869 1339 3932 anima
1369 3876 1403 3932 et

376 3969 616 4051 resurreetione,
651 3968 823 4053 Gregorius
857 3970 1001 4034 Platonis
1042 3971 1136 4035 affert
1176 3993 1218 4035 ex
1250 3970 1400 4035 Phaedro

376 4071 550 4135 sententias
572 4071 612 4134 de
636 4072 761 4136 animae
784 4072 987 4137 facultatibus
1010 4074 1160 4137 irascibili
1183 4080 1216 4137 et
1237 4075 1402 4157 eoneupis·
1490 4056 1491 4063 ἵ

375 4174 470 4257 oibili,
492 4195 570 4258 quas
589 4175 701 4238 Graeci
723 4181 840 4240 vooant
860 4172 897 4236 τὸ
921 4175 1091 4254 θυμοειδὲς
1107 4184 1140 4241 et
1154 4171 1389 4260 ἐπιθυμητικόν

375 4276 438 4359 ΙΠ,
470 4277 545 4343 480
578 4284 596 4342 9
628 4299 693 4363 seq.
731 4278 816 4342 enim
846 4279 985 4363 explieat
1014 4280 1185 4364 Gregorius
1214 4301 1277 4344 non
1300 4281 1402 4346 solum
