3042 5084
562 496 773 560 ..29-

150 666 273 749 volunt,
296 666 357 730 uisi
379 671 415 728 ut
436 666 636 730 familiariter
657 687 729 730 oum
752 667 904 750 magistro
926 687 1003 729 mox
1028 665 1180 728 morituro

150 769 370 853 colloquentes
394 769 541 832 solatium
564 769 624 833 sibi
647 775 758 854 petant
780 768 821 832 ab
843 769 904 833 hac
919 768 959 832 dc
975 769 1100 832 animae
1123 769 1181 831 im·

149 871 347 935 mortalitate
372 893 408 935 ac
431 872 661 936 resurrectione
684 872 824 956 eorporis
840 870 1064 956 disputatione.
1099 871 1180 936 Sim·

150 975 234 1037 mias
258 981 291 1038 et
313 974 417 1038 Gebes
440 975 472 1038 in
495 975 639 1038 Platonis
666 974 792 1057 dialogo
822 981 923 1038 morte
953 980 1053 1038 totam
1081 975 1180 1038 vitam

148 1077 234 1141 finiri
269 1084 467 1162 mortemque
501 1079 603 1163 ipsam
638 1099 676 1142 ea
710 1077 750 1142 de
787 1099 885 1142 causa
921 1084 1076 1162 quantum
1111 1078 1180 1142 fieri

149 1183 254 1265 possit
283 1180 500 1264 effugiendam
533 1202 603 1245 esse
636 1202 670 1245 se
699 1186 812 1264 putare
843 1180 1003 1263 simulant,
1033 1180 1180 1245 Socratas

151 1289 265 1346 contra
299 1289 434 1347 mortem
468 1285 636 1346 transitum
670 1284 711 1346 ad
744 1283 909 1347 meliorem
942 1283 1179 1366 beatioremque

151 1385 254 1450 vitam
272 1407 341 1450 esse
358 1385 460 1450 docet.
497 1386 536 1449 ln
552 1385 678 1470 dialogo
695 1385 876 1449 Christiano
891 1385 973 1448 hanc
988 1385 1180 1449 sententiam

148 1487 298 1552 Macrina
321 1495 438 1571 tuetur,
459 1489 546 1552 illam
570 1489 741 1572 Gregorius
765 1488 902 1552 simulat.

241 1591 365 1666 Quibus
388 1613 430 1656 ex
452 1593 599 1657 omuibus
621 1597 730 1677 aperte
753 1591 882 1676 quidem
905 1591 1061 1675 cognosci-
1075 1598 1180 1676 potest

148 1694 346 1778 Gregorium
369 1695 512 1759 Platonis
531 1694 738 1759 Phaedonem
760 1695 794 1756 in
816 1693 942 1777 dialogo
964 1714 1022 1758 sno
1045 1695 1180 1758 conscri-

149 1798 260 1861 bendo
282 1805 357 1862 ante
381 1800 488 1864 oculos
510 1798 660 1863 habuisse
684 1819 821 1882 eumque
844 1803 988 1862 secutum
1011 1819 1092 1880 esse,
1122 1799 1181 1864 sed

147 1899 336 1985 Nyssenum
359 1901 456 1965 etiam
479 1901 623 1965 Platonis
645 1901 749 1966 verbis
773 1908 806 1964 et
827 1900 957 1965 vocibus
979 1902 1119 1965 maxime
1146 1902 1179 1964 in

147 2003 213 2067 hoc
236 2003 362 2089 dialogo
385 2027 478 2070 usum
502 2027 572 2070 esse
595 2025 680 2068 nunc
707 2025 877 2089 exponam.
922 2004 1013 2077 Quae
1035 2004 1178 2068 Platonis
1262 2067 1264 2070 ,

145 2108 250 2172 verba
273 2131 344 2173 cnm
369 2130 525 2193 nusquam
549 2115 615 2172 tarn
638 2128 735 2192 saepe
758 2107 949 2190 adhibuerit,
971 2127 1067 2172 nemo
1089 2107 1180 2172 dubi·

147 2217 220 2274 tare
244 2217 360 2295 potest,
386 2211 463 2296 quin
485 2211 519 2274 id
541 2212 733 2296 spectaverit
756 2210 939 2293 Gregorius,
961 2216 997 2274 ut
1019 2210 1179 2294 dialogum

147 2335 244 2377 suum
276 2314 370 2399 plane
400 2335 488 2379 more
510 2315 676 2379 Platonico
701 2313 906 2378 consriberet.
951 2312 1023 2386 Qua
1050 2313 1179 2397 quidem

146 2418 183 2480 in
207 2439 241 2481 re
258 2418 432 2502 Gregorius
455 2440 519 2482 non
543 2419 644 2481 solum
661 2417 835 2482 Phaedone
858 2437 935 2480 usus
958 2437 1028 2480 esse
1044 2415 1179 2500 videtur,
1258 2438 1261 2444 ·

148 2521 209 2586 sed
242 2523 338 2586 etiarn
372 2523 442 2585 aliis
476 2522 620 2586 Platonis
654 2520 798 2604 dialogis,
831 2519 987 2604 imprimis
1021 2519 1178 2603 Phaedro,

148 2646 214 2710 quo
247 2645 288 2688 ex
321 2625 401 2689 libro
439 2645 521 2708 quae
559 2624 730 2709 sumpserit
767 2628 864 2686 antea
900 2623 1078 2686 accuratius
1115 2623 1179 2686 iam

147 2728 297 2794 vidimus.

238 2832 361 2906 Quibus
385 2833 527 2917 exceptis
550 2831 661 2916 iisque,
684 2851 767 2915 quae
790 2851 831 2894 ex
849 2828 993 2894 Platonis
1005 2829 1179 2894 Phaedone

148 2929 283 3000 fluxisse
316 2936 436 3020 Aquila
470 2935 691 3001 dissertatione
726 2934 954 3019 comprobavit,
988 2935 1089 2997 multa
1125 2955 1179 2998 ex·

149 3045 247 3122 stant,
281 3059 362 3123 quae
397 3061 416 3103 a
449 3039 584 3103 Platone
618 3038 658 3102 ad
692 3038 808 3102 librum
843 3036 1074 3120 Gregoriannm
1108 3058 1178 3122 per·

148 3148 331 3207 manarunt.
377 3141 531 3224 Quorum,
565 3161 646 3225 qnae
680 3140 820 3204 maxime
857 3138 898 3202 ad
935 3139 1110 3204 sententias
1146 3145 1179 3204 et

151 3245 291 3309 rationes
315 3245 484 3331 pertinent,
513 3250 625 3328 postea
647 3243 843 3306 mentionem
864 3241 992 3324 faciam,
1022 3240 1073 3305 hic
1103 3261 1178 3305 vero

151 3347 253 3430 magis
277 3347 502 3430 demonstrem,
536 3367 597 3430 qno
629 3346 724 3409 modo
747 3345 879 3428 singulis
901 3343 1045 3407 Platonis
1073 3344 1178 3408 verbis

151 3457 185 3513 et
216 3451 347 3514 vocibus
384 3449 425 3514 ad
459 3456 560 3513 artem
598 3448 715 3532 dialogi
754 3447 971 3534 spectantibus
1006 3447 1178 3531 Gregorius

151 3574 227 3617 usus
250 3552 301 3635 sit,
325 3552 480 3637 imprimis
503 3557 611 3616 autern
630 3572 669 3614 ea
684 3550 827 3633 afferam,
850 3571 932 3634 quae
948 3571 990 3614 ex
1004 3549 1178 3614 Phaedone

152 3655 282 3720 fluxisse
305 3655 383 3718 mihi
405 3654 554 3720 videntur
577 3659 609 3718 et
632 3653 672 3717 ab
695 3653 813 3738 Aquila
835 3653 943 3717 nescio
966 3672 1029 3736 qua
1056 3653 1178 3716 ratione
1205 3667 1208 3671 ’
1315 3648 1317 3653 ’

152 3760 269 3823 omissa
292 3764 376 3823 sunt.

236 3860 418 3926 Identidem
438 3883 484 3958 ex
509 3861 655 3944 Gregorii
677 3860 757 3924 libro
784 3859 881 3925 verba
909 3857 1068 3943 quaedam
1097 3859 1179 3922 reie-

122 3995 125 4002 ·
152 3963 250 4028 rende
275 3970 350 4028 sunt
377 3964 417 4028 ad
441 3962 584 4027 Platonis
608 3962 724 4048 dialogi
753 3968 854 4026 artem
883 3962 1103 4046 quaestionem
1131 3961 1179 4023 in·

53 4122 56 4130 .
153 4066 309 4132 dicentia:
326 4066 406 4141 ,πῶς
421 4066 513 4129 τοῦτο
529 4065 651 4147 λέγεις’;
676 4066 749 4150 (III,
766 4065 860 4150 3613,
877 4068 918 4130 89
929 4065 961 4128 Α
977 4066 1051 4141 etc.)
1085 4064 1178 4127 Plato

153 4171 339 4257 saepissime
361 4169 421 4234 hac
443 4172 580 4234 formula
603 4171 711 4253 utitur,
735 4170 852 4234 omisso
875 4168 1004 4253 quidem
1026 4168 1059 4231 in
1074 4167 1178 4230 Phae·

152 4273 233 4339 done
263 4273 317 4337 illo
346 4273 461 4354 ,τοῦτοι
497 4311 536 4320 -
570 4271 693 4337 Phaed.
725 4272 822 4355 7213,
856 4271 946 4335 731)
981 4308 1020 4316 —
1058 4268 1177 4336 loss:
