3042 5084
789 461 999 556 ..·20-

382 659 500 723 deitate
524 663 721 726 concrevisse
744 668 777 726 et
797 668 897 726 totam
912 683 951 726 ea
967 661 1006 725 de
1022 683 1119 726 eausa
1134 662 1274 727 divinam
1289 664 1409 727 laetam

382 786 462 830 esse.
508 765 606 831 Ouius
630 789 702 831 oum
726 788 837 831 omnes
856 767 1001 831 homines
1023 768 1087 831 sint
1101 769 1281 853 participes,
1297 788 1409 833 omnes

382 868 478 930 etiam
502 862 605 933 salvos
629 869 765 934 evadere
788 891 881 954 posse
912 869 1108 950 (11‚1221D
1133 890 1198 955 seq.
1222 908 1261 916 -
1285 871 1329 953 ΙΙ,
1347 873 1409 935 705

382 970 740 1053 Q-fflfflm

468 1073 591 1147 Quibus
612 1075 765 1159 expositis
780 1095 865 1138 nuno
880 1074 1108 1156 sondemus,
1123 1095 1205 1159 quae
1220 1095 1262 1138 ex
1276 1075 1410 1159 singulis

382 1175 523 1240 Platonis
547 1176 680 1260 dialogis
701 1177 837 1261 repetita
859 1197 930 1241 esse
960 1175 1116 1259 videntur,
1146 1183 1241 1261 atque
1270 1178 1409 1261 primum

380 1277 519 1362 quidem,
542 1300 623 1363 quae
647 1300 687 1344 ex
789 1287 794 1296 '

801 1381 990 1447 Phaedro

382 1484 422 1548 ad
455 1492 562 1570 patres
595 1492 831 1571 permanerunt.
886 1485 982 1550 Ilune
1014 1485 1158 1549 Platonis
1190 1485 1352 1569 dialogum
1389 1506 1410 1547 a

380 1588 565 1674 Nysseno
588 1591 705 1654 leolum
729 1610 799 1654 esse
822 1589 916 1674 plone
937 1595 1071 1673 apparet
1092 1610 1134 1653 ex
1155 1589 1224 1653 loeo
1254 1588 1407 1673 quodam,

380 1712 442 1775 quo
472 1691 590 1756 refutat
618 1693 824 1775 Eunomium,
855 1693 909 1777 qui
940 1713 1017 1756 usus
1046 1699 1115 1756 erat
1150 1692 1255 1757 verbis
1292 1689 1409 1762 ,παῦλα

380 1789 563 1876 γεννήσεως’
588 1797 644 1879 (ll,
657 1797 758 1862 elon
782 1798 826 1873 5).
872 1796 964 1870 Quae
986 1796 1083 1861 verba
1108 1795 1279 1880 Gregorius
1309 1795 1408 1860 8130

379 1897 575 1962 Eunomium
613 1900 787 1990 sumpsisse
821 1898 898 1963 dicit
926 1919 967 1963 ex
996 1899 1140 1962 Platonis
1169 1898 1327 1981 Phaedro,
1363 1905 1410 1982 et,

379 1995 430 2082 ,οἷς
461 1995 519 2079 γὰρ
543 1997 669 2072 ἐκεῖνος’
704 2007 760 2080 (so.
784 2004 889 2079 Plato)
919 2003 1032 2087 pergit,
1068 1996 1145 2080 ,ἐκεῖ
1174 2003 1219 2079 (iu
1246 2001 1409 2080 Phaedro)

379 2103 545 2169 παῦλαν
582 2097 656 2169 εἷπε
692 2103 909 2190 κινήσεως,
939 2099 1021 2168 ‹isio›
1050 2103 1208 2167 παῦλαν
1236 2106 1288 2167 καὶ
1315 2090 1412 2174 οὗτος

378 2203 610 2290 γεννήσεως
642 2205 750 2272 εἰπεῖν
783 2204 1004 2290 ἐπεθύμησεν,
1030 2201 1073 2276 ὦς
1094 2199 1134 2269 ἂν
1155 2200 1227 2278 τοὺς
1255 2201 1413 2288 ἀπείρους

377 2307 499 2374 τούτων
513 2319 582 2381 ταῖς
600 2313 818 2382 Πλατωνικαῖς
829 2311 1051 2392 καλλιιροονίαις
1062 2308 1332 2397 περιβομβήσειεν
1345 2363 1352 2378 .
1366 2315 1410 2391 .¹)

465 2415 588 2489 Quibus
619 2417 724 2482 verbis
759 2417 947 2500 Gregorium
976 2423 1120 2500 apertum
1151 2422 1201 2480 est
1228 2417 1412 2500 respexisse

378 2518 419 2581 ad
442 2519 540 2584 verba·
562 2521 616 2584 illa
638 2521 802 2605 praeclara
813 2520 962 2602 Phaedri,
985 2519 1099 2603 quibus
1114 2519 1267 2603 probatur
1281 2520 1411 2584 animae

378 2622 616 2688 immortalitas:
639 2644 670 2707 p.
694 2622 809 2688 2450:
836 2617 939 2706 ,ψυχὴ
975 2625 1087 2683 πᾶσα
1119 2615 1344 2699 ἀθάνατος,
1367 2619 1410 2684 τὸ

378 2723 438 2806 γὰρ
452 2717 669 2808 ἀεικίνητον
680 2716 854 2788 ἀθάνατον.
870 2721 908 2786 τὸ
922 2719 952 2786 δ’
961 2719 1038 2786 ἄλλο
1048 2717 1282 2788 mvodvnaidn'
1294 2718 1412 2788 ἄλλον

377 2824 564 2908 κινοίμενον
585 2827 745 2890 παῦλαν
776 2823 850 2904 ἔχον
881 2824 1104 2909 κινήσεως,
1132 2826 1295 2889 παῦλαν
1322 2823 1411 2904 ἔχει

378 2929 487 3016 ζωῆς.
533 2925 636 3011 μόνον
659 2926 701 3012 δὴ
722 2926 760 2992 τὸ
784 2924 863 2992 ailad
888 2930 999 2992 κινοῦν
1029 2979 1036 2996 .
1071 2980 1079 2994 .
1112 2980 1119 2994 .
1149 2925 1267 2992 οὔποτε
1295 2925 1412 3012 λήγει
1481 3004 1482 3007 ¹

308 3031 310 3035 ’
377 3033 624 3112 κινούμενον
647 3083 654 3098 .
679 3084 719 3100 ..

464 3137 556 3201 Haeo
578 3137 722 3201 Platonis
744 3137 843 3200 verba
864 3143 1031 3221 praeterea
1059 3135 1093 3198 in
1121 3135 1228 3199 animo
1257 3135 1411 3200 habuisse
1479 3160 1480 3167 ¹

378 3241 504 3306 videtur
534 3239 705 3324 Gregorius
734 3240 797 3322 Ill,
831 3241 893 3304 352
914 3239 950 3323 O,
980 3243 1045 3324 quo'
1071 3239 1140 3302 looo
1168 3239 1309 3302 animum
1338 3235 1412 3323 ,τὴν
1478 3224 1479 3247 ’

378 3335 556 3427 ἀεικίνητον
570 3338 639 3406 ὑπὸ
656 3343 715 3405 τοῦ
731 3337 944 3426 πεποιηκότος
964 3340 1121 3425 εἰληφότα
1135 3336 1193 3423 τήν
1208 3340 1315 3422 φύσιν’
1330 3342 1411 3408 dioit
1476 3358 1477 3407 l

377 3447 580 3530 maximeque
612 3466 687 3509 vero
720 3445 746 3528 l,
766 3445 868 3509 337n
895 3447 943 3527 13,
966 3465 1039 3508 eum
1069 3444 1164 3527 diem,
1193 3434 1411 3507 detrusos

467 3685 487 3751 ¹)
506 3683 654 3748 Nyssenus
673 3682 735 3750 ipse
753 3681 824 3734 haee
842 3681 971 3734 Platonis
991 3681 1109 3750 respicit
1127 3681 1216 3736 verba
1233 3682 1261 3734 in
1286 3681 1351 3734 dial.
1371 3682 1410 3736 de
1472 3666 1473 3673 ἵ

378 3785 422 3821 an.
441 3774 470 3822 et
488 3785 541 3821 res.
568 3766 771 3834 111‚141A7:
796 3769 846 3834 ,τίς
863 3767 915 3823 οὐκ
941 3762 1023 3838 οἶδεν,
1046 3761 1091 3822 ὅτι
1107 3772 1158 3843 ῥοῇ
1177 3771 1232 3822 τινὶ
1252 3772 1410 3845 προσέοικεν

378 3855 396 3920 ἡ
410 3853 572 3932 ἀνθρωπίνη
584 3855 680 3924 φύσις,
694 3897 713 3913 ..
730 3857 765 3920 εἰς
783 3853 913 3910 θάνατον
926 3854 970 3909 ἀπ’
982 3873 1056 3921 τινος
1075 3853 1247 3921 κινήσεως
1258 3863 1410 3942 προϊοῦσα,

377 3934 1409 4014 τότιτῆςκινήσιωςλήγουσσ,ὅτανκσὶτούνῖναιπαύσεταί.

379 4033 409 4082 et
428 4027 510 4083 1410
528 4029 560 4086 8:
582 4024 616 4084 τὸ
636 4070 642 4082 .
663 4071 668 4084 .
688 4028 829 4101 ἐπίρρυτον
846 4036 894 4095 τῆς
911 4027 1021 4098 φύσεως
1038 4028 1181 4099 ἡμῶνκαὶ
1198 4022 1233 4081 τό
1253 4023 1410 4096 ἀπόῤῥυτον

378 4117 422 4184 (ax
447 4115 520 4169 Tim.
547 4117 627 4184 43A)
659 4111 707 4172 διά
732 4122 782 4182 τῆς
801 4112 981 4181 ἀλλοιωτικῆς
1005 4114 1132 4182 κινήσεως
1151 4114 1195 4170 ἀεὶ
1213 4113 1409 4192 πορευόμενον,

377 4202 443 4256 τότε
469 4204 690 4274 κινούμενον
716 4204 889 4272 ἵσταται,
914 4196 1011 4257 ὃταν
1035 4207 1096 4257 καὶ
1121 4210 1181 4269 τῆς
1204 4202 1292 4268 ζωῆς
1318 4199 1410 4256 ἄπο-

378 4286 475 4365 λήξῃ

1462 4370 1464 4445 l
