3042 5084
745 678 750 688 ’
815 733 950 836 uita.

457 1065 559 1129 Natus
593 1087 664 1128 sum
699 1065 873 1128 Carolus
908 1065 1072 1128 Gronau
1107 1087 1136 1129 a.
1170 1064 1200 1128 d.
1234 1063 1295 1128 ΙΙΙ.
1318 1064 1401 1129 Non.

374 1169 460 1252 Sept.
496 1189 524 1233 a.
558 1167 871 1233 MDOOOLXXXV
904 1169 936 1230 in
969 1168 1039 1231 vico
1072 1167 1309 1250 Brunsvicensi,
1350 1169 1402 1231 oui

371 1293 488 1335 nomen
512 1278 561 1335 est
584 1271 820 1353 Trautenstein,
843 1277 932 1355 patre
957 1270 1082 1354 Oarolo,
1106 1278 1207 1335 matre
1229 1270 1356 1334 Martha
1383 1293 1401 1334 e

371 1380 467 1456 gente
490 1373 646 1438 Reimers.
693 1374 784 1438 Fidei
806 1373 952 1438 addictus
975 1396 1045 1437 sum
1069 1375 1281 1458 evangelicae.

459 1479 653 1542 Litterarum
677 1477 893 1557 fundamentis
916 1500 936 1541 a
958 1484 1048 1562 patre
1071 1479 1181 1562 positis
1197 1478 1400 1564 gymnasium

372 1581 570 1665 frequentavi
595 1581 808 1644 Guilelmeum
823 1581 1068 1663 Brunsvioense,
1090 1583 1140 1644 cui
1155 1587 1302 1665 praeerat
1315 1580 1399 1644 litte-

373 1705 479 1746 rarum
503 1684 640 1767 optimus
664 1685 770 1747 fautor
791 1683 933 1749 Dauber.
979 1683 1078 1747 Ouius
1100 1690 1133 1748 et
1155 1684 1288 1747 aliorum
1312 1703 1401 1766 egre-

372 1788 496 1870 giorum
519 1789 667 1869 viromm,
702 1788 857 1871 imprimis
880 1787 1042 1851 Francisci
1064 1787 1191 1870 Hahne,
1225 1786 1426 1872 disciplinis·

374 1891 536 1955 institutus
570 1912 643 1955 vere
677 1891 751 1954 anni
785 1890 1150 1986 MOMlllmaturitati‘s
1184 1890 1399 1954 testimonium

375 1993 509 2079 adeptus
533 2017 613 2060 sum.
658 1995 802 2058 Primum
828 1995 998 2078 Gottingae
1027 1994 1139 2058 studiis
1170 2001 1313 2058 veterum
1341 1993 1400 2056 lin·

373 2113 508 2181 guarum
530 2118 582 2162 me
606 2097 689 2180 dedi,
712 2097 828 2161 deinde
858 2097 932 2162 vere
962 2099 1038 2160 anui
1060 2096 1189 2161 MOMV
1218 2097 1399 2179 Tubingam

373 2222 425 2264 me
448 2201 576 2284 contuli,
600 2201 689 2265 cuius
712 2202 927 2265 universitatis
957 2222 1013 2285 per
1042 2221 1141 2263 unum
1171 2206 1323 2264 semestre
1353 2199 1400 2260 fui

375 2303 501 2368 sodalis.
549 2304 720 2388 Gottingae
743 2304 859 2368 deinde
883 2304 988 2368 studia
1010 2305 1201 2368 continuavi.

459 2407 645 2472 Docuerunt
680 2429 731 2472 me
768 2409 826 2473 viri
860 2408 1051 2472 doctissimi:
1091 2407 1399 2488 Gundermann,

374 2511 565 2595 Schmitt,
611 2511 808 2576 Schwabe
854 2511 1092 2597 Tuhingenscs3
1135 2510 1398 2593 Bouwetsc'h,

372 2615 554 2698 Bousset,
572 2615 725 2699 Knoke,
750 2616 903 2700 Smend3
932 2618 1144 2699 Baumann,
1177 2615 1399 2680 Goedeclre·

372 2739 512 2803 meyer;
539 2718 630 2802 Leo,
662 2720 842 2803 Pohlenz,
877 2720 1084 2803 Schwartz,
1118 2719 1400 2803 Wackernagel

374 2822 610 2906 Gottingenses.
635 2822 862 2886 Proseminarii
874 2823 953 2907 regii
964 2824 1195 2908 philologorum
1211 2822 1399 2906 Gottingeu·
1418 2805 1421 2812 ¹

373 2927 454 2989 sium
471 2925 587 2988 sodalis
604 2926 649 2988 fui
665 2947 722 3010 per
737 2917 807 2988 duo
817 2927 997 3010 semestria3
1010 2927 1172 2991 seminarii
1184 2927 1398 3010 Tubingensis

371 3046 559 3114 perunum,
585 3030 803 3114 Gottingensis
825 3052 883 3114 per
904 3031 965 3093 tria
987 3031 1162 3113 semestris,
1185 3051 1319 3114 quorum
1341 3050 1400 3113 per

371 3154 470 3196 unum
493 3134 607 3198 senior.
647 3134 816 3198 Seminarii
840 3134 1008 3218 theologici
1031 3133 1149 3196 sodalis
1165 3133 1210 3197 fui
1226 3155 1398 3218 perunum
1505 3124 1506 3133 ¹

372 3243 523 3302 semestre
552 3238 738 3302 moderante
770 3238 933 3321 Smend,
962 3259 1019 3322 per
1047 3239 1182 3302 alterum
1211 3237 1398 3300 moderante

370 3339 624 3406 Bouwetsch.
675 3342 720 3405 Ut
756 3342 1037 3406 exercitationibus
1072 3342 1259 3406 interessem
1297 3341 1398 3425 philo·

371 3437 507 3529 sophicis
558 3446 778 3528 Baumaun,
828 3445 1044 3528 grammaticis
1088 3444 1398 3527 Wackernagel

371 3549 508 3632 benigne
532 3555 767 3613 concesserunt.

457 3651 579 3726 Quibus
601 3652 676 3716 viris
699 3652 783 3715 benc
807 3650 846 3715 de
869 3673 920 3715 me
943 3651 1064 3714 meritis
1087 3652 1187 3714 iustas
1210 3673 1247 3715 ae
1270 3650 1395 3716 debitas

370 3775 429 3840 ago
457 3755 586 3838 gratias.
630 3754 808 3818 Plurimum
838 3775 912 3817 vero
943 3753 1045 3818 debeo
1076 3775 1148 3849 cum
1178 3755 1395 3820 Friderico

341 3860 450 3923 -Leo
485 3864 518 3922 et
549 3858 834 3922 Maximiliauo
868 3858 1068 3941 Pohlenz,
1102 3864 1169 3920 tum
1203 3858 1396 3922 Eduardo

369 3960 590 4043 Schwartz,
622 3962 675 4044 qui
704 3960 765 4024 hoc
798 3961 831 4022 in
864 3961 1014 4044 opusculo
1049 3960 1244 4025 conficiendo
1275 3961 1395 4046 optime

368 4064 446 4127 mihi
469 4063 635 4129 consuluit.
