3042 5084
730 535 940 597 ..52-

319 699 422 778 (δόξα,
450 705 494 767 ita
518 703 640 787 divisit,
663 711 698 768 ut
720 704 774 767 illa
798 711 921 789 spectet
950 704 990 766 ad
1020 726 1069 787 ea,
1097 726 1179 788 quae
1209 727 1242 769 re
1271 727 1350 769 vera

318 806 502 888 subsistant,
526 805 566 868 ad
589 806 677 868 ideas
690 806 723 887 ¹),
747 807 854 890 opinio
876 827 952 870 vero
972 806 1013 870 ad
1029 808 1170 890 singulas
1185 829 1246 890 res,
1262 829 1346 892 quae

318 929 511 992 quamquam
535 909 704 992 participes
729 915 803 971 sunt
824 908 979 991 idearum,
1002 916 1110 972 tamen
1132 910 1255 994 positae
1271 917 1348 973 sunt

316 1011 400 1074 iuter
423 1010 464 1092 id,
488 1010 571 1094 quod
595 1031 628 1073 re
652 1032 726 1074 vcra
750 1010 902 1092 subsistit,
925 1018 958 1075 et
980 1005 1072 1096 quod
1086 1032 1150 1075 non
1179 1018 1238 1076 est.
1280 1013 1344 1088 (Of.

318 1113 473 1196 imprimis
496 1112 576 1196 Rep.
609 1113 714 1177 4781)
739 1138 797 1196 -3
820 1114 940 1178 479E:
975 1109 1056 1194 ,τοὺς
1078 1164 1086 1178 .
1110 1163 1118 1176 .
1140 1103 1245 1176 πολλὰ
1264 1111 1346 1176 καλὰ

317 1217 508 1292 θεωμένους,
545 1205 623 1276 αὐτὸ
655 1213 692 1276 δὲ
721 1210 757 1276 τὸ
787 1211 884 1277 καλὸν
913 1212 957 1298 μὴ
989 1210 1129 1296 ὁρῶνιας
1156 1216 1231 1299 μηδ’
1258 1209 1345 1298 ‹tt-tp
1391 1249 1396 1256 .

315 1313 367 1378 ἐπ’
400 1308 478 1380 αὐτὸ
513 1310 623 1393 ἅγονιι
651 1317 848 1395 δυναμένους
877 1313 1020 1381 ἕπεσθαι
1051 1367 1058 1398 ,
1084 1371 1089 1384 .
1114 1370 1121 1382 .
1152 1304 1344 1391 δοξάζειν

314 1416 460 1504 φήσομεν
482 1414 620 1497 ἅπαντα,
644 1418 824 1498 γιγνώσκειν
852 1421 891 1482 δὲ
917 1405 963 1481 siv
992 1418 1176 1491 δοξάζουσιν
1197 1413 1292 1482 οὐδὲν
1308 1470 1342 1485 ..

315 1526 347 1585 τί
377 1522 414 1586 δὲ
444 1515 559 1591 oricola
592 1515 671 1586 αὐτὰ
704 1519 820 1585 ἕκαστα
854 1526 1037 1602 θεωμένους
1071 1524 1123 1587 καὶ
1160 1518 1209 1586 ἀεὶ
1246 1520 1348 1586 κατὰ

315 1617 436 1688 ταύτὰ
459 1621 645 1695 sicuritas
661 1621 772 1707 ὄνια;
796 1614 846 1705 ἆρ’
865 1621 902 1687 οὐ
925 1623 1112 1705 γιγνώσκειν,
1134 1620 1201 1689 ἀλλ’
1226 1622 1262 1688 osi
1284 1627 1345 1689 do-

314 1724 440 1812 ’ξοίζεινς
468 1767 501 1774 -
527 1726 678 1814 dvdyxpf)

400 1834 557 1897 Platonici
580 1833 640 1898 hoc
662 1833 757 1896 modo
781 1834 995 1917 cognitionem
1025 1834 1065 1896 ab
1095 1835 1244 1918 opinione
1278 1855 1344 1897 nou

315 1934 508 2000 discernunt.
574 1936 719 2000 Plotinus
763 1935 922 2020 duplicem
966 1936 1077 1998 statuit
1127 1935 1341 2020 phantasiam,

315 2041 416 2103 altera
441 2061 480 2102 ea
503 2045 618 2123 servat,
641 2061 722 2124 quac
747 2061 766 2102 a
789 2039 934 2103 sensibus
958 2038 1075 2102 tradita
1098 2046 1193 2123 atque
1216 2041 1344 2104 animae

318 2150 392 2208 sunt
413 2144 579 2227 impressa,
603 2143 704 2206 altera
726 2142 843 2206 retinet
865 2142 1112 2224 cogitationesfl)

401 2247 574 2312 Praeterea
597 2266 660 2308 non
683 2247 801 2327 inveni,
824 2267 905 2329 quae
928 2245 1109 2330 Nyssenum
1134 2266 1175 2309 ex
1198 2246 1343 2309 Platonis

313 2350 490 2434 Republica
520 2350 693 2432 sumpsisse
724 2350 925 2433 perspicuum
957 2355 1052 2414 esset.
1102 2349 1242 2412 Exstant
1273 2350 1344 2434 qui·

313 2453 387 2517 dem
409 2451 571 2534 nonnulla,
596 2452 711 2536 quibus
737 2453 909 2534 Gregorius
933 2473 1004 2515 cum
1028 2451 1172 2515 Platonis
1195 2453 1343 2535 congruit

314 2556 450 2638 dialogo,
487 2554 542 2618 sed
573 2561 638 2617 tam
668 2555 855 2638 pervulgata
884 2556 1023 2637 fuerunt,
1052 2562 1089 2617 ut
1118 2557 1234 2618 certius
1256 2556 1343 2639 quis·

313 2679 408 2742 quam
432 2681 470 2722 ea
493 2680 534 2721 ex
556 2658 691 2721 Platone
715 2658 756 2722 ad
781 2659 970 2741 Gregorium
1000 2679 1206 2742 permanasse
1234 2658 1342 2722 dicere

314 2782 379 2825 non
402 2762 512 2845 possit.
1307 2755 1314 2764 “

401 2864 543 2938 Quorum
577 2885 679 2949 pauca
712 2864 763 2928 hic
797 2864 940 2929 afferam.
985 2865 1045 2947 HI,
1076 2869 1139 2930 869
1157 2866 1231 2930 Da
1262 2866 1342 2929 Gre-

315 2969 421 3052 gorius
444 2966 484 3029 de
503 2966 669 3030 affectibus
686 2966 778 3032 dicit:
801 2960 942 3041 ,ἕκασιον
964 2963 1081 3049 πάθος,
1101 2962 1157 3029 ἐὰν
1176 2962 1342 3050 ἐπικρατῇ,

314 3071 370 3153 τῆς
393 3066 500 3152 ψυχῆς
523 3064 674 3149 τύραννος
697 3063 785 3146 ἡμῶν
813 3061 933 3147 γίνεται
962 3052 1033 3138 Ιτοὺς
1060 3063 1234 3148 λογισμοὺς
1262 3069 1342 3132 δον-

314 3167 519 3251 λωσὰμευουῑ.
577 3172 776 3246 Quibuscum
813 3175 990 3258 comparari
1026 3181 1160 3258 possunt
1196 3175 1341 3237 Platonis

315 3278 413 3342 verba
429 3298 446 3340 e
462 3275 542 3360 Rep.
561 3278 622 3339 573
634 3277 676 3359 D,
693 3297 754 3359 quo
774 3276 843 3339 loco
857 3276 897 3339 de
913 3276 1080 3340 affectibus
1095 3277 1225 3342 dicitur:
1252 3273 1341 3358 ,ἔρως

312 3377 464 3460 τῦρυνυος
486 3375 580 3440 ἔνδον
602 3376 696 3440 οἰκῶν
718 3379 910 3461 διακυβερνᾷ
930 3373 968 3442 τὰ
993 3381 1048 3462 τῆς
1068 3377 1172 3463 ψυχῆς
1187 3371 1336 3444 ἅπαντα.

315 3484 401 3557 Quos
425 3481 558 3545 affectus
581 3482 707 3545 animae
731 3483 838 3545 oculos
861 3483 1027 3546 interram
1044 3483 1340 3547 converteredocet

297 3588 485 3669 ,Gregorius
513 3585 573 3669 ΙΙΙ,
598 3585 698 3649 3480
724 3590 758 3650 7:
793 3578 823 3668 ,ἡ
856 3586 902 3670 τῷ
936 3583 1060 3665 σώματι
1088 3601 1338 3664 συγκαισσπασ-

312 3692 411 3750 θεῖσα
433 3681 520 3770 ψυχὴ
542 3680 644 3749 ου’κέιι
666 3681 751 3766 πρὸς
774 3683 828 3749 τὸν
851 3679 989 3768 ον’·ρανὸυ
1011 3738 1067 3755 .,.
1090 3688 1223 3769 βλέπειν
1237 3687 1340 3771 δυνή-

314 3808 412 3869 σεται,
434 3787 519 3870 πρὸς
541 3783 577 3852 τὸ
599 3787 756 3852 ταπεινὸν
778 3791 830 3852 καὶ
852 3790 1009 3875 utpotae
1030 3790 1086 3872 σῆς
1112 3788 1242 3872 φύσεως
1263 3787 1339 3854 ἐπι-

313 3912 517 3920 ,,-.-.--

405 3961 426 4026 1)
445 3958 531 4028 Greg.
550 3975 601 4027 pro
621 3957 749 4010 Platonis
768 3958 840 4011 ideis
858 3959 941 4011 deum
960 3959 1052 4028 ipsum
1071 3960 1161 4028 ponit.
1197 3957 1241 4013 Of.
1255 3959 1338 4012 Plato

312 4047 382 4115 Rep.
399 4045 502 4100 478A:
528 4043 665 4114 ,ἐπιστήμη
697 4049 725 4115 γε’
758 4064 812 4098 σου
837 4045 878 4098 ἐπὶ
903 4052 942 4117 τῷ
968 4041 1036 4114 ὄντι,
1064 4042 1098 4098 td
1123 4039 1157 4099 dv
1181 4052 1284 4114 γνῶναι
1303 4043 1339 4110 ὠς

311 4131 382 4201 ἔχει,
399 4134 465 4190 aal‘.

400 4241 422 4300 ς)
440 4235 484 4292 Of.
504 4214 661 4289 Domanslri
688 4237 705 4288 l.
726 4253 748 4288 c.
777 4254 804 4306 p.
824 4236 858 4288 88
877 4235 941 4289 adn.
960 4237 989 4304 23
1021 4257 1047 4306 p,
1067 4237 1101 4291 83
1121 4237 1185 4290 adn.
1206 4237 1229 4305 1,
1256 4253 1283 4304 p.
1303 4237 1341 4292 65

311 4325 375 4377 adn.
395 4331 418 4378 1.
455 4323 546 4377 Zeller
565 4322 619 4392 111,
637 4323 674 4376 2⁴
693 4339 759 4393 pag.
779 4322 831 4375 662
849 4340 907 4393 seq.
