3042 5084
744 542 960 606 -33-

331 701 429 785 λόγου
620 696 658 768 οὗ
680 713 828 790 ποιηταῖς
850 705 953 787 μόνον
975 699 1055 771 α’λλὰ
1083 709 1135 772 καὶ
1164 703 1370 789 ἀνδράσιν

332 806 588 894 φιλοσίφοις
626 801 884 891 ἀρέσκοντας
922 817 978 888 (se.
1012 812 1164 896 Platoni),
1199 811 1366 894 Πυριφλε-

332 909 488 991 γέθοντάς
516 929 586 990 σου,
615 911 667 973 καὶ
694 904 768 982 τούς
792 907 962 984 Κωκυτοίις
983 912 1037 975 καί
1065 908 1139 984 τοὺς
1168 906 1369 996 Ἀχέροντος,

336 1004 382 1084 οἷς
404 1007 532 1078 α’δικίαυ
553 1012 717 1086 κολάζουσι
742 1012 915 1094 Τάνταλος,
940 1014 1066 1096 Τιτυὸς,
1091 1009 1210 1090 Ἰξίων.ί

419 1137 565 1200 Duorum
589 1136 726 1220 donique
749 1138 988 1220 proverbiorum
1011 1139 1207 1202 mentionem
1238 1139 1370 1221 laeiam,

337 1242 452 1326 quibus
484 1246 517 1304 et
550 1241 642 1303 Plato
677 1241 709 1304 in
743 1239 917 1305 Phaedone
951 1249 984 1304 et
1018 1243 1190 1324 Gregorius
1223 1247 1370 1306 utuntur.

334 1344 481 1406 Alterum
500 1349 549 1406 est
565 1342 604 1406 de
621 1342 803 1426 Penelopae
821 1343 893 1424 tola,
916 1365 979 1427 qua
1003 1344 1208 1407 similitudine
1234 1345 1286 1420 (el.
1304 1343 1370 1408 Od.

335 1446 379 1528 ΙΙ,
397 1448 437 1510 94
451 1449 529 1528 seq.)
555 1467 634 1529 opus
657 1445 751 1510 inane
769 1445 971 1528 significetur.
1011 1447 1088 1511 Nan.
1105 1447 1166 1529 ΙΙΙ,
1183 1451 1243 1512 887
1260 1469 1289 1510 v.
1306 1449 1370 1511 41:

336 1541 440 1616 ‚luade
456 1543 659 1629 Πηνελόπης,
679 1537 735 1608 τὸν
758 1543 815 1616 νὺξ
835 1545 920 1625 aaa,
944 1537 1203 1630 ’ἧμαρᾶῗφαιιενζ
1226 1556 1258 1613 et
1273 1550 1372 1612 Plato

336 1650 456 1715 Phaed.
504 1654 544 1714 84
556 1650 597 1715 A.
663 1650 810 1714 Alterum
849 1657 954 1715 exstat
989 1653 1033 1734 ll,
1071 1652 1174 1715 4413:
1212 1649 1373 1729 δεύτερον

335 1753 507 1814 ποιεῖσθαι
538 1749 659 1823 πλοῦνλ,
693 1753 777 1836 quod
810 1754 967 1837 proverbii
1000 1755 1069 1817 loeo
1102 1755 1167 1817 ianr
1201 1754 1316 1819 dieitur
1351 1777 1373 1817 a

337 1856 473 1919 Platone
509 1854 642 1932 (Phaed.
677 1854 760 1918 99Α
794 1862 827 1918 et
859 1857 924 1938 al),
958 1878 1030 1919 euni
1064 1857 1134 1941 quis
1168 1856 1208 1920 ad
1242 1877 1374 1918 summa

337 1957 518 2050 pertingere
541 1978 605 2019 non
628 1957 737 2020 volens
760 1958 906 2041 proxima
929 1965 1138 2023 consectatur.

423 2076 487 2139 Sed
509 2077 588 2139 haee
621 2076 785 2140 haetenus.
830 2076 882 2140 Ad
914 2099 963 2160 ea,
992 2098 1074 2161 quae
1104 2083 1200 2140 antea
1227 2098 1268 2140 ex
1292 2077 1372 2140 Pla-

340 2180 425 2242 tonis
448 2178 623 2242 Phaedone
647 2179 687 2242 ad
710 2179 848 2264 Nysseni
872 2180 987 2243 librum
1017 2180 1057 2243 de
1086 2179 1267 2263 virginitate
1297 2201 1374 2262 per-

338 2303 486 2344 manasse
517 2281 664 2365 vidimus,
702 2283 800 2346 verba
837 2283 996 2367 applicata
1030 2290 1103 2346 sunt
1136 2283 1294 2366 quaedam
1328 2303 1376 2345 ex

341 2385 484 2448 Platonis

758 2520 959 2585 Convivia

343 2643 488 2726 repetita.
539 2641 751 2724 Exposuerat,
782 2646 818 2703 ut
845 2640 984 2704 breviter
1012 2646 1166 2724 repetam,
1197 2641 1375 2722 Gregorius

344 2745 487 2808 Platonis
521 2745 553 2805 in
587 2764 708 2805 morem
742 2745 882 2807 animam
912 2765 931 2805 a
961 2765 1091 2828 corpore
1119 2743 1160 2806 ad
1191 2745 1375 2827 voluptates

344 2848 529 2927 detractam¹
564 2846 603 2908 ab
641 2846 727 2910 hisee
765 2847 849 2910 uitiis
886 2868 956 2910 esse
994 2847 1207 2931 purgandam,
1250 2854 1287 2908 ut
1330 2847 1376 2910 ad

345 2971 505 3014 summum
544 2950 682 3032 bonum,
716 2950 736 3013 i.
772 2972 799 3013 e.
836 2950 877 3012 ad
907 2950 1002 3014 deum
1036 2951 1200 3034 pervenire
1234 2971 1376 3033 eumque

345 3053 486 3137 aspicere
517 3059 633 3136 posset.
687 3053 757 3127 Quo
788 3053 883 3115 modo
913 3053 972 3115 hoe
995 3052 1161 3137 pulchrum
1190 3059 1223 3115 et
1251 3052 1377 3115 honum

345 3147 396 3233 (τά
425 3148 523 3215 καλὸν
552 3160 585 3218 et
613 3147 650 3215 τά
683 3149 831 3215 ἐπέκεινα
859 3149 981 3222 παντὸς
1009 3145 1134 3232 ἀγαθοῦ
1163 3155 1311 3219 361A3
1340 3156 1378 3218 id

344 3259 500 3333 nominat)
526 3258 652 3341 assequi
675 3259 845 3341 possimus,
869 3257 985 3321 deinde
1001 3280 1069 3342 eap.
1086 3257 1136 3321 IX
1153 3261 1195 3341 (p.
1212 3259 1274 3322 364
1291 3260 1375 3341 seq.)

347 3360 489 3445 exponit.

432 3479 502 3543 Iam
525 3480 558 3542 in
580 3479 785 3563 indagatione
807 3480 957 3564 pulchrae
981 3479 1146 3543 cuiusdam
1161 3481 1205 3542 rei
1221 3480 1249 3542 is
1264 3485 1378 3544 mente

346 3583 534 3666 imperfecta
568 3604 637 3644 esse
672 3583 762 3664 solet,
796 3583 848 3666 qui
887 3603 959 3645 eum
993 3581 1112 3664 aliquid
1146 3583 1255 3662 cernit,
1289 3582 1380 3664 quod

348 3685 487 3769 speeiem
510 3685 752 3767 pulchritudinis
775 3687 915 3768 aliquam
933 3686 1146 3768 praesefert,
1169 3683 1246 3747 illud
1269 3684 1380 3768 ipsum

350 3808 408 3850 sua
430 3792 544 3849 natura
566 3786 733 3870 pulchrum
756 3809 826 3861 esse
850 3788 997 3871 opinatur
1019 3781 1048 3864 ,ὁ
1064 3787 1120 3867 δέ’,
1144 3786 1244 3851 3640
1260 3788 1381 3870 pergit,

349 3892 596 3969 ,κεκαθαρμένος
619 3882 675 3950 τὸν
698 3889 753 3972 της
778 3892 882 3972 ψυχῆς
905 3883 1077 3968 ὀφθαλμὸν
1099 3889 1150 3952 καὶ
1172 3878 1307 3956 δυνατάς
1338 3881 1382 3950 τά

349 3993 480 4054 τοιαῦτα
512 3991 659 4072 βλέπειν,
692 3991 814 4073 χαίρειν
847 3989 940 4060 ἐάσας
966 3989 1025 4074 την
1054 3987 1131 4075 ἕλην
1163 3985 1222 4073 τὴν
1253 3987 1384 4071 ὑποβε-

348 4094 508 4178 βλημένην
537 4100 575 4178 τη
609 4094 665 4156 τοῦ
690 4093 787 4157 καλοῦ
815 4094 894 4177 ἰδέᾳ,
925 4081 1013 4156 οἷον
1045 4090 1262 4176 ίιποβάθρρ
1294 4095 1385 4156 τινὶ

349 4207 400 4280 ιη’)
434 4191 623 4280 ὁρωμένῳ
656 4193 872 4281 χρήσεται,
915 4192 996 4276 πρὸς
1034 4190 1091 4278 τὴν
1124 4198 1194 4258 τοῦ
1227 4198 1382 4278 νοητοῦ

351 4296 522 4370 κάλλους
545 4302 744 4381 θεωρίαν,
768 4285 812 4362 οὗ
840 4294 941 4361 κατὰ
968 4307 1192 4377 μετουσίαν
1214 4288 1259 4359 τά
1281 4290 1386 4360 ἄλλα
