3042 5084
525 561 735 623 ...71-

120 731 334 816 philosophiae
367 738 457 815 parte
492 737 575 814 sunt,
614 731 741 794 omnino
784 732 850 795 lere
891 752 954 793 non
996 738 1139 814 tangunt.

120 835 187 910 Quo
212 834 331 898 factum
358 840 415 916 est,
437 840 472 896 ut
487 835 518 917 ii,
533 835 595 920 'qui
612 833 794 916 diligentins
809 826 867 898 has
883 855 933 897 res
949 855 1140 918 cognoscere

119 937 275 1018 volebant,
299 936 340 998 ad
363 957 417 1000 eos
440 935 581 1000 redirent
604 935 819 1021 philosophos,
835 937 888 1020 qui
911 937 951 1000 de
973 935 1023 1000 his
1045 937 1140 1001 rebus

119 1040 293 1103 accuratius
318 1041 514 1104 rettulerunt.

201 1142 337 1206 Accedit
357 1165 442 1225 vero,
465 1142 548 1227 quod
578 1163 695 1226 magua
721 1164 795 1226 pars
824 1143 948 1206 illarum
977 1163 1056 1227 quas
1085 1164 1139 1207 ex·

118 1251 238 1330 ponunt
260 1246 418 1308 rationum
441 1266 505 1308 non
535 1245 637 1309 solum
666 1266 729 1308 non
758 1245 899 1330 ipsorum
928 1252 977 1310 est
998 1245 1139 1310 Platoni·

119 1369 234 1428 corum,
268 1347 324 1411 sed
365 1348 462 1411 etiam
502 1369 655 1432 perquam
694 1348 826 1412 obscure
867 1355 916 1411 est
959 1349 1139 1433 explanata.

118 1449 258 1522 Platonis
289 1455 398 1512 contra
425 1457 456 1512 et
488 1450 631 1513 Philonis
654 1449 771 1514 ludaei
801 1451 977 1514 sententiae
1001 1488 1040 1496 -
1063 1471 1139 1514 nam

118 1560 149 1616 et
169 1553 336 1616 Philonem
361 1555 460 1616 secuti
483 1560 556 1617 sunt
574 1591 609 1598 —
629 1554 726 1618 multo
750 1555 852 1637 magis
873 1562 1004 1638 apertae
1027 1554 1068 1617 ad
1091 1555 1138 1616 in·

118 1656 328 1738 tellcgendum
351 1662 383 1719 et
404 1658 581 1740 propriores
604 1664 694 1719 erant
710 1655 962 1720 Christianorum
977 1657 1138 1722 doctrinis.

200 1761 347 1844 Denique
371 1781 425 1824 eos
455 1759 600 1822 dictionis
629 1759 768 1843 quadam
799 1761 957 1844 elegantia
987 1759 1140 1824 adductos

118 1866 156 1927 ad
180 1865 350 1928 Platonem
373 1865 476 1947 ipsum
500 1863 697 1946 magistrum,
726 1870 762 1926 ut
791 1865 835 1927 ita
864 1865 978 1947 dicam,
1009 1865 1139 1928 rediisse

117 1974 247 2052 apparet
270 1989 310 2031 ex
333 1967 409 2030 locis
443 1966 667 2050 compluribus,
699 1967 813 2050 quibus
836 1967 979 2031 Platonis
1009 1967 1140 2030 laudant

117 2068 328 2149 καλλιφωνιάν
361 2076 393 2132 et
424 2062 613 2145 clyto-maa
647 2106 685 2112 —
721 2070 760 2134 cf.
790 2069 884 2156 Nyss.
918 2070 962 2153 H,
1002 2070 1138 2152 1045D3

117 2175 158 2257 Il,
181 2173 276 2240 8130
301 2210 341 2216 -
364 2163 438 2237 Bas.
461 2171 519 2253 IV,
545 2171 661 2236 10920
688 2177 726 2236 10
756 2182 789 2237 et
815 2176 953 2265 manime
985 2174 1043 2257 IV,
1067 2176 1139 2256 572,

116 2301 164 2362 cp.
209 2280 267 2341 135
310 2279 362 2354 (cf.
403 2297 475 2361 pag.
512 2279 576 2352 68).
625 2276 702 2340 Nan.
732 2277 794 2360 ΙΙΙ,
827 2281 908 2344 1188
937 2300 966 2343 v.
995 2281 1068 2342 305.
1098 2314 1137 2322 -

116 2380 230 2444 Adhuc
253 2387 360 2443 autem
377 2379 430 2441 illa
447 2378 640 2442 Nazianzeni
664 2378 704 2442 de
720 2379 863 2444 Platonis
880 2381 1017 2445 dictione
1032 2381 1140 2463 rigent

117 2485 211 2549 verba
235 2484 308 2567 (ΙΙΙ,
333 2486 394 2548 884
416 2505 446 2547 v.
470 2485 541 2559 43):

201 2638 208 2652 .
233 2638 240 2652 .
265 2637 272 2652 .
297 2582 480 2666 ,Πλάτωνος
503 2584 656 2667 γλῶσσαν,
679 2575 698 2668 ἡ
721 2583 907 2670 μελισταγὴς

299 2685 368 2751 ἔστι
390 2709 426 2752 τε
447 2689 498 2750 καὶ
520 2681 657 2768 νομίζετ’
679 2681 865 2769 ἀνθρώπων
885 2689 987 2768 γένει]
