3042 5084
762 559 973 622 ,34-

354 731 411 806 (se.
435 726 678 807 κάθαρσις)καὶ
700 723 879 805 ἐπιθυμίαν
900 726 951 789 καὶ
973 715 1071 788 τᾶλλα
1093 723 1200 789 πάντα
1231 778 1236 790 .
1262 779 1268 793 .
1294 775 1302 790 .
1329 727 1389 789 καὶ

351 827 390 893 τὸ
414 829 562 909 χωρίζειν
583 821 650 892 ἀπό
675 825 819 909 σώματος
840 824 896 891 ἐπὶ
915 823 1023 892 πόσον
1036 825 1173 892 δυνατόν
1190 831 1242 907 (ef.
1259 829 1388 895 Phaed.

352 938 391 999 67
406 934 444 1010 O)
477 984 483 998 .
509 983 515 998 .
546 923 614 994 όπδ
643 929 702 1011 μὲν
733 928 776 1017 δὴ
804 929 949 1011 σώματος
977 931 1052 1004 ἴσως
1086 985 1092 1000 ,
1117 982 1124 996 .
1149 985 1155 998 .
1187 929 1389 1012 συνάγουσαν

351 1027 468 1120 ἑαυτὴν
502 1087 508 1102 .
541 1087 547 1102 .
578 1085 585 1100 .
620 1034 672 1097 καὶ
701 1027 756 1104 τὰς
784 1030 949 1114 ἀναγκαίας
971 1035 1035 1097 τῶν
1058 1030 1184 1119 ἡδονῶν
1215 1031 1389 1119 αἰσθήσεις

351 1135 452 1218 μόνον
475 1141 677 1220 ποιουμένην,
698 1137 749 1200 καὶ
770 1133 944 1218 ιάτρεόσεις
965 1139 1018 1200 καὶ
1040 1133 1223 1216 ἀπαλλαγὰς
1244 1134 1382 1202 πόνωνι.

354 1292 412 1308 ...
437 1225 696 1328 Ροεμὴχε.ἰθῃῐ.
720 1245 779 1307 42:
808 1239 916 1318 ,νοῦς.
942 1291 948 1305 .
973 1292 980 1306 .
1003 1234 1147 1324 χωρίζων
1169 1237 1289 1304 ἑαυτὸν
1311 1233 1386 1304 ἀπὸ

351 1340 507 1422 σώματος,
537 1339 611 1406 τότε
631 1341 770 1422 μάλιστα
791 1348 868 1424 νοεῖ,
902 1344 953 1405 καὶ
981 1342 1025 1412 εἰς
1053 1340 1169 1406 ἑαυτὸν
1190 1346 1387 1426 στρέφεταδ.

354 1487 392 1494 -
419 1449 563 1532 [megine
587 1448 640 1510 illa
664 1449 790 1511 animae
813 1449 845 1510 iu
868 1469 1003 1511 eoenum
1031 1449 1162 1532 illapsae
1186 1449 1331 1512 Plotinus
1355 1449 1389 1531 Ι,

352 1557 413 1634 6,θ
438 1553 551 1615 utitur:
583 1595 608 1627 ,.
634 1599 639 1612 .
663 1597 671 1613 .
695 1547 729 1611 αί
749 1548 873 1612 τελεταὶ
895 1545 1003 1629 ὀρθῶς
1032 1548 1224 1613 αἰνίττονται
1254 1542 1310 1612 τόν
1337 1545 1391 1636 μὴ

351 1657 589 1733 κεκαθαρμένον
610 1653 661 1714 καὶ
684 1649 729 1721 εἰς
745 1642 863 1716 Ἅιδου
884 1656 1054 1716 κείσεσθαι
1080 1651 1115 1716 ἐν
1139 1649 1301 1737 βορβόρῳ,
1331 1648 1392 1716 ὅτι

350 1750 388 1832 τὸ
412 1751 457 1838 μὴ
479 1747 626 1838 καθαρόν
646 1749 797 1838 βορβόρῳ
820 1747 873 1818 διὰ
893 1751 991 1840 κάκην
1013 1755 1109 1838 φίλαν
1133 1808 1140 1823 .
1165 1808 1172 1823 .
1198 1758 1216 1821 .‘

441 1860 543 1922 Multa
566 1859 629 1922 alia
651 1864 817 1943 praeterea
840 1858 925 1943 apud
940 1859 1121 1944 Nyssenum
1138 1865 1275 1943 exstant,
1297 1881 1387 1944 quae

351 1964 427 2047 quin
451 1985 491 2026 ex
515 1961 688 2026 Phaedone
717 1969 844 2046 sumpta
873 1963 937 2026 sint
966 1984 1060 2026 uerno
1092 1962 1237 2027 dubitare
1264 1969 1386 2047 potest.

353 2067 406 2130 Sis
429 2067 461 2128 in
485 2066 611 2150 dialogo
634 2066 687 2128 illo
711 2065 750 2129 de
773 2067 881 2129 anima
903 2071 936 2129 et
959 2068 1187 2130 resurreetione
1211 2066 1272 2150 HI,
1295 2067 1382 2130 68Β

354 2169 507 2252 Gregorio
530 2170 704 2252 quaerenti,
735 2168 819 2232 unde
849 2170 890 2231 sit
919 2162 1032 2246 ,ἐκεῖνα
1061 2165 1100 2229 τὸ
1129 2167 1385 2250 πολυθρύλητον

258 2309 261 2317 ·
352 2271 485 2348 (Phaed.
512 2275 571 2335 100
583 2272 623 2347 B)
655 2268 713 2331 rori
733 2263 850 2332 ’Ἅιδου
874 2265 999 2354 ὄνομα,
1029 2271 1172 2335 Maeriua
1201 2271 1385 2355 respondet,

352 2374 427 2439 Oroi
457 2396 575 2438 nomen
606 2373 783 2458 siguificare
814 2370 883 2456 ,τὴν
906 2369 940 2434 ἐκ
962 2372 1020 2435 τοῦ
1045 2368 1211 2453 ὁρωμένων
1232 2368 1314 2452 πρός
1342 2371 1384 2434 τὸ

350 2466 463 2546 ἀειδὲς
475 2472 696 2559 μεταχώρησιυ
711 2473 767 2558 της
789 2476 897 2559 ψυχῆς
919 2527 927 2540 .
952 2527 959 2540 .
983 2476 1001 2541 .‘
1024 2485 1063 2552 et,
1078 2477 1173 2561 paulo
1189 2478 1289 2542 iufra:
1315 2469 1379 2553 ‚ori-

350 2575 405 2640 δὲν
426 2573 502 2642 ἄλλο
520 2582 553 2641 τί
572 2601 628 2658 μοι
651 2578 743 2640 δοκεῖ
754 2575 844 2658 παρὰ
863 2631 869 2646 .
888 2631 894 2645 .
912 2630 919 2644 .
936 2576 999 2640 τῶν
1014 2576 1262 2652 ἕξωθεν,..ιὸ
1279 2573 1386 2658 ὄνομα

349 2679 443 2744 τοῦτο
467 2679 733 2766 διασημαίνειν..
752 2734 758 2747 .
776 2676 860 2766 πλὴν
878 2678 924 2751 είς
945 2676 983 2744 τό
1006 2673 1123 2764 ἀφανές
1146 2701 1181 2744 τε
1203 2683 1254 2744 καὶ
1276 2673 1381 2751 ἀειδὲς

350 2781 592 2872 ματαχιόρησιν.ι

438 2890 542 2964 Quam
552 2890 625 2953 Oroi
645 2892 782 2953 nominis
802 2890 1059 2974 explanationem
1072 2883 1194 2974 (Ἅιδης
1210 2883 1388 2972 -όειδήςλ

359 2994 531 3078 Gregorius
555 3015 595 3057 ex
610 2994 753 3057 Platonis
770 2993 944 3057 Phaedone
967 2995 1139 3078 sumpsisse
1155 2994 1232 3056 mihi
1246 2993 1386 3059 videtur.

355 3098 449 3161 Plato
473 3098 558 3179 enim
582 3095 661 3161 810
686 3134 725 3141 -
749 3117 844 3181 quern
868 3097 970 3159 loeum
993 3096 1159 3182 Nyssenus
1174 3097 1218 3180 Π,
1241 3095 1324 3161 88Α
1343 3099 1386 3160 12

355 3221 420 3284 seq.
445 3200 641 3264 adverbum
665 3201 731 3263 fere
754 3199 874 3282 laudat,
897 3198 976 3261 haee
999 3200 1146 3283 exponit:
1177 3199 1284 3262 anima
1314 3220 1387 3262 eor·

353 3303 437 3386 poris
476 3324 587 3365 amans
629 3308 701 3386 post
723 3324 890 3366 excessum
925 3324 943 3366 e
976 3323 1106 3388 corpore
1141 3351 1180 3366 ..
1205 3353 1212 3366 .
1248 3295 1388 3377 ,ἕλκεται

354 3399 452 3466 πάλιν
482 3401 526 3472 εἰς
554 3399 613 3466 τὸν
643 3397 760 3486 ὁρατόν
788 3402 895 3468 τόπον
924 3402 1016 3488 ιχόβῳ
1047 3409 1103 3467 τοῦ
1131 3398 1239 3474 ἆϊδοῦς
1266 3423 1304 3466 τε
1332 3406 1389 3468 καὶ

344 3500 469 3568 ‘Ardor‘
499 3542 533 3549 —
558 3513 590 3570 et
606 3507 703 3572 SOD:
728 3502 757 3591 ,ἡ
780 3504 869 3589 ψυχή
891 3497 976 3572 ..τό
1000 3497 1097 3581 ᾰίδίς,
1112 3503 1149 3569 τὸ
1170 3505 1216 3577 εἰς
1229 3505 1388 3569 τοσοῦτον

351 3603 457 3670 τόπον
498 3604 607 3690 ἕτερον
648 3604 820 3686 οἰχόμενον
859 3615 1023 3687 χενναῖνον
1056 3608 1108 3671 καὶ
1144 3606 1290 3692 καθαρὸν
1331 3610 1389 3673 καὶ

353 3706 437 3795 didi,
462 3705 639 3782 εἰς“Αιδου
662 3707 705 3780 ὥς
727 3707 857 3796 ἀληθῶς
880 3760 888 3776 .
912 3763 919 3778 .
943 3762 950 3776 .
972 3706 1265 3795 α’παλλαταμέυηῆῑ)

446 3817 590 3879 Platonis
613 3815 729 3880 deinde
753 3838 794 3879 ex
816 3816 989 3880 Phaedone
1012 3821 1145 3879 eonsuta
1168 3822 1242 3879 sunt
1266 3817 1320 3879 illa
1344 3855 1387 3863 —

440 3962 461 4026 ¹)
480 3959 586 4012 Eadem
601 3959 667 4013 Oroi
686 3965 780 4012 exstat
798 3960 929 4013 delinitio
948 3960 977 4011 in
990 3959 1066 4014 Orat.
1077 3959 1178 4013 403A:
1198 3958 1241 4025 ,ό,
1257 3997 1263 4011 .
1277 3952 1387 4031 Ἅιδης,

351 4039 377 4091 ot
395 4038 495 4091 πολλοὶ
514 4041 560 4106 μέν
578 4056 626 4107 μοι
646 4036 778 4092 δοκοῦσιν
795 4037 1003 4106 ὑπολαμβάνειν
1020 4033 1055 4091 τό
1081 4033 1156 4100 arta
1181 4035 1388 4114 προσειρῆσθαι

351 4123 390 4186 τῷ
409 4114 531 4186 ὀνόματι
549 4114 653 4188 τούτῳ(
681 4117 730 4183 (of.
751 4117 838 4187 Gorg.
852 4117 904 4171 493
914 4117 956 4185 B).
993 4117 1049 4171 Sed
1068 4134 1131 4168 eum
1150 4117 1268 4168 maxime
1294 4116 1388 4170 Phae-

351 4195 452 4247 donem
471 4199 585 4247 seoutus
605 4197 642 4248 sit
660 4196 808 4261 Nyssenus
827 4197 876 4248 illo
901 4197 929 4248 in
954 4196 1079 4266 dialogo,
1109 4196 1180 4248 haee
1206 4212 1319 4264 quoque
1345 4197 1385 4249 ad

350 4273 529 4327 Phaedonem
542 4273 634 4328 redire
647 4279 725 4344 pute.
745 4275 789 4330 Ol.
802 4275 954 4344 Porphyrii
968 4280 1039 4331 sent.
1052 4275 1101 4328 32:
1115 4275 1150 4343 ,ἐν
1164 4313 1170 4325 .
1185 4317 1192 4332 .
1205 4267 1324 4326 .“Αιδου
1337 4273 1381 4326 λέ-

350 4370 435 4422 γεται,
454 4345 499 4406 ότι
517 4355 565 4416 τῆς
585 4348 684 4418 ἀϊδοῡς
703 4351 811 4422 φύσιος
829 4351 964 4423 ἐτύγχανε
982 4349 1017 4406 τό
1036 4360 1142 4422 πνεῦμα
1160 4357 1209 4407 καὶ
1227 4356 1387 4417 σκοτανῆςί.
