<?xml version="1.0" encoding="UTF-8"?>
<!DOCTYPE html PUBLIC "-//W3C//DTD XHTML 1.0 Transitional//EN"
    "http://www.w3.org/TR/xhtml1/DTD/xhtml1-transitional.dtd">
<html xmlns="http://www.w3.org/1999/xhtml" xml:lang="en" lang="en">
 <head>
  <title>
</title>
<meta http-equiv="Content-Type" content="text/html;charset=utf-8" />
  <meta name='ocr-system' content='tesseract 3.04.00' />
  <meta name='ocr-capabilities' content='ocr_page ocr_carea ocr_par ocr_line ocrx_word'/>
</head>
<body>
  <div class='ocr_page' id='page_1' title='image "./debasiliogregor00grongoog_0037.png"; bbox 0 0 3042 5084; ppageno 0'>
   <div class='ocr_carea' id='block_1_1' title="bbox 548 555 755 616">
    <p class='ocr_par' dir='ltr' id='par_1_1' title="bbox 548 555 755 616">
     <span class='ocr_line' id='line_1_1' title="bbox 548 555 755 616; baseline 0.01 -20"><span class='ocrx_word' id='word_1_1' title='bbox 548 555 755 616; x_wconf 67' lang='lat'><strong>„21.„</strong></span> 
     </span>
    </p>
   </div>
   <div class='ocr_carea' id='block_1_2' title="bbox 141 709 1172 1423">
    <p class='ocr_par' dir='ltr' id='par_1_2' title="bbox 141 709 1172 1423">
     <span class='ocr_line' id='line_1_2' title="bbox 143 709 1170 803; baseline 0.005 -23"><span class='ocrx_word' id='word_1_2' title='bbox 143 709 224 780; x_wconf 82' lang='grc' dir='ltr'><strong><em>εἶναι</em></strong></span> <span class='ocrx_word' id='word_1_3' title='bbox 245 712 304 800; x_wconf 85' lang='grc' dir='ltr'>τὴν</span> <span class='ocrx_word' id='word_1_4' title='bbox 327 714 435 802; x_wconf 73' lang='grc' dir='ltr'><strong><em>ψυχὴν</em></strong></span> <span class='ocrx_word' id='word_1_5' title='bbox 450 718 501 780; x_wconf 81' lang='grc' dir='ltr'>καὶ</span> <span class='ocrx_word' id='word_1_6' title='bbox 518 714 673 802; x_wconf 57' lang='lat' dir='ltr'>dilates</span> <span class='ocrx_word' id='word_1_7' title='bbox 689 719 867 802; x_wconf 69' lang='lat' dir='ltr'>quincupla</span> <span class='ocrx_word' id='word_1_8' title='bbox 881 725 982 803; x_wconf 81' lang='grc' dir='ltr'><strong><em>φησίν</em></strong></span> <span class='ocrx_word' id='word_1_9' title='bbox 998 772 1005 786; x_wconf 95' lang='grc'><strong>.</strong></span> <span class='ocrx_word' id='word_1_10' title='bbox 1024 772 1031 786; x_wconf 88' lang='grc'><strong>.</strong></span> <span class='ocrx_word' id='word_1_11' title='bbox 1049 772 1056 786; x_wconf 92' lang='grc'><strong>.</strong></span> <span class='ocrx_word' id='word_1_12' title='bbox 1080 723 1170 797; x_wconf 85' lang='lat' dir='ltr'>Quae</span> 
     </span>
     <span class='ocr_line' id='line_1_3' title="bbox 142 822 1170 910; baseline 0.003 -25"><span class='ocrx_word' id='word_1_13' title='bbox 142 822 250 904; x_wconf 86' lang='lat' dir='ltr'>verba,</span> <span class='ocrx_word' id='word_1_14' title='bbox 273 843 466 906; x_wconf 88' lang='lat' dir='ltr'>quamquam</span> <span class='ocrx_word' id='word_1_15' title='bbox 490 823 531 886; x_wconf 86' lang='lat' dir='ltr'>¹ad</span> <span class='ocrx_word' id='word_1_16' title='bbox 552 824 630 887; x_wconf 89' lang='lat' dir='ltr'>alios</span> <span class='ocrx_word' id='word_1_17' title='bbox 653 845 778 909; x_wconf 89' lang='lat' dir='ltr'>quoque</span> <span class='ocrx_word' id='word_1_18' title='bbox 794 825 905 903; x_wconf 79' lang='lat' dir='ltr'>referri</span> <span class='ocrx_word' id='word_1_19' title='bbox 920 831 1054 909; x_wconf 83' lang='lat' dir='ltr'>possunt</span> <span class='ocrx_word' id='word_1_20' title='bbox 1069 825 1170 910; x_wconf 92' lang='lat' dir='ltr'>philo-</span> 
     </span>
     <span class='ocr_line' id='line_1_4' title="bbox 143 925 1169 1013; baseline 0.005 -25"><span class='ocrx_word' id='word_1_21' title='bbox 143 925 270 1010; x_wconf 83' lang='lat' dir='ltr'>sophos,</span> <span class='ocrx_word' id='word_1_22' title='bbox 294 932 401 989; x_wconf 85' lang='lat' dir='ltr'>tamen</span> <span class='ocrx_word' id='word_1_23' title='bbox 424 925 464 990; x_wconf 91' lang='lat' dir='ltr'>ad</span> <span class='ocrx_word' id='word_1_24' title='bbox 480 927 648 991; x_wconf 83' lang='lat' dir='ltr'>Platonem</span> <span class='ocrx_word' id='word_1_25' title='bbox 672 928 829 1011; x_wconf 78' lang='lat' dir='ltr'>respicere</span> <span class='ocrx_word' id='word_1_26' title='bbox 852 934 940 1012; x_wconf 85' lang='lat' dir='ltr'>puto,</span> <span class='ocrx_word' id='word_1_27' title='bbox 960 929 1035 1012; x_wconf 89' lang='lat' dir='ltr'>quia</span> <span class='ocrx_word' id='word_1_28' title='bbox 1050 930 1169 1013; x_wconf 89' lang='lat' dir='ltr'>pergit:</span> 
     </span>
     <span class='ocr_line' id='line_1_5' title="bbox 143 1018 1172 1109; baseline 0.002 -20"><span class='ocrx_word' id='word_1_29' title='bbox 143 1018 231 1109; x_wconf 81' lang='grc' dir='ltr'><strong><em>,ἀλλὰ</em></strong></span> <span class='ocrx_word' id='word_1_30' title='bbox 245 1031 448 1108; x_wconf 80' lang='grc' dir='ltr'><strong><em>μεταβαίνειν</em></strong></span> <span class='ocrx_word' id='word_1_31' title='bbox 464 1021 531 1092; x_wconf 81' lang='grc' dir='ltr'>ἀπὸ</span> <span class='ocrx_word' id='word_1_32' title='bbox 545 1023 702 1107; x_wconf 82' lang='grc' dir='ltr'><strong><em>σωμάτιον</em></strong></span> <span class='ocrx_word' id='word_1_33' title='bbox 716 1027 761 1098; x_wconf 85' lang='grc' dir='ltr'>εἰς</span> <span class='ocrx_word' id='word_1_34' title='bbox 775 1022 957 1109; x_wconf 82' lang='grc' dir='ltr'><strong><em>τὰσώματα</em></strong></span> <span class='ocrx_word' id='word_1_35' title='bbox 968 1030 1019 1091; x_wconf 84' lang='grc' dir='ltr'>καὶ</span> <span class='ocrx_word' id='word_1_36' title='bbox 1033 1026 1068 1092; x_wconf 78' lang='grc' dir='ltr'>ἐκ</span> <span class='ocrx_word' id='word_1_37' title='bbox 1081 1029 1172 1109; x_wconf 79' lang='grc' dir='ltr'><strong><em>λογι-</em></strong></span> 
     </span>
     <span class='ocr_line' id='line_1_6' title="bbox 142 1122 1169 1215; baseline 0.004 -23"><span class='ocrx_word' id='word_1_38' title='bbox 142 1129 196 1212; x_wconf 77' lang='grc' dir='ltr'>κῆς</span> <span class='ocrx_word' id='word_1_39' title='bbox 219 1125 353 1211; x_wconf 71' lang='grc' dir='ltr'><strong><em>φύσεος</em></strong></span> <span class='ocrx_word' id='word_1_40' title='bbox 368 1127 412 1200; x_wconf 74' lang='grc' dir='ltr'>τίς</span> <span class='ocrx_word' id='word_1_41' title='bbox 434 1125 549 1208; x_wconf 76' lang='grc' dir='ltr'><strong><em>ἄλογον</em></strong></span> <span class='ocrx_word' id='word_1_42' title='bbox 572 1122 669 1215; x_wconf 78' lang='grc' dir='ltr'><strong><em>αὐτὴν</em></strong></span> <span class='ocrx_word' id='word_1_43' title='bbox 690 1129 914 1213; x_wconf 55' lang='lat' dir='ltr'>pass-aptemur</span> <span class='ocrx_word' id='word_1_44' title='bbox 930 1183 938 1198; x_wconf 87' lang='lat'><strong>.</strong></span> <span class='ocrx_word' id='word_1_45' title='bbox 955 1183 988 1200; x_wconf 85' lang='lat'>..</span> <span class='ocrx_word' id='word_1_46' title='bbox 1032 1133 1169 1198; x_wconf 75' lang='lat' dir='ltr'>Accedit</span> 
     </span>
     <span class='ocr_line' id='line_1_7' title="bbox 141 1233 1169 1319; baseline 0.002 -22"><span class='ocrx_word' id='word_1_47' title='bbox 141 1255 226 1317; x_wconf 82' lang='lat' dir='ltr'>vero,</span> <span class='ocrx_word' id='word_1_48' title='bbox 264 1233 348 1317; x_wconf 92' lang='lat' dir='ltr'>quod</span> <span class='ocrx_word' id='word_1_49' title='bbox 382 1233 556 1298; x_wconf 85' lang='lat' dir='ltr'>identidem</span> <span class='ocrx_word' id='word_1_50' title='bbox 593 1236 692 1319; x_wconf 90' lang='lat' dir='ltr'>ipsius</span> <span class='ocrx_word' id='word_1_51' title='bbox 725 1236 870 1299; x_wconf 83' lang='lat' dir='ltr'>Platonis</span> <span class='ocrx_word' id='word_1_52' title='bbox 907 1236 946 1299; x_wconf 92' lang='lat' dir='ltr'>de</span> <span class='ocrx_word' id='word_1_53' title='bbox 989 1237 1169 1300; x_wconf 88' lang='lat' dir='ltr'>animarum</span> 
     </span>
     <span class='ocr_line' id='line_1_8' title="bbox 143 1338 1169 1423; baseline 0.002 -23"><span class='ocrx_word' id='word_1_54' title='bbox 143 1338 332 1421; x_wconf 81' lang='lat' dir='ltr'>migratione</span> <span class='ocrx_word' id='word_1_55' title='bbox 356 1339 546 1401; x_wconf 84' lang='lat' dir='ltr'>sententiam</span> <span class='ocrx_word' id='word_1_56' title='bbox 569 1339 745 1422; x_wconf 89' lang='lat' dir='ltr'>impugnat,</span> <span class='ocrx_word' id='word_1_57' title='bbox 769 1339 909 1403; x_wconf 84' lang='lat' dir='ltr'>maxime</span> <span class='ocrx_word' id='word_1_58' title='bbox 931 1339 964 1403; x_wconf 93' lang='lat' dir='ltr'>in</span> <span class='ocrx_word' id='word_1_59' title='bbox 995 1339 1085 1421; x_wconf 88' lang='lat' dir='ltr'>libro,</span> <span class='ocrx_word' id='word_1_60' title='bbox 1116 1341 1169 1423; x_wconf 91' lang='lat' dir='ltr'>qui</span> 
     </span>
    </p>
   </div>
   <div class='ocr_carea' id='block_1_3' title="bbox 142 1440 1240 1506">
    <p class='ocr_par' dir='ltr' id='par_1_3' title="bbox 142 1440 1240 1506">
     <span class='ocr_line' id='line_1_9' title="bbox 142 1440 1240 1506; baseline 0 0"><span class='ocrx_word' id='word_1_61' title='bbox 142 1448 191 1506; x_wconf 87' lang='lat' dir='ltr'>est</span> <span class='ocrx_word' id='word_1_62' title='bbox 220 1440 259 1505; x_wconf 92' lang='lat' dir='ltr'>de</span> <span class='ocrx_word' id='word_1_63' title='bbox 290 1442 396 1504; x_wconf 88' lang='lat' dir='ltr'>anima</span> <span class='ocrx_word' id='word_1_64' title='bbox 426 1446 459 1504; x_wconf 92' lang='lat' dir='ltr'>et</span> <span class='ocrx_word' id='word_1_65' title='bbox 488 1441 727 1506; x_wconf 89' lang='lat' dir='ltr'>resurrectione.</span> <span class='ocrx_word' id='word_1_66' title='bbox 781 1441 904 1506; x_wconf 82' lang='lat' dir='ltr'>Tamen</span> <span class='ocrx_word' id='word_1_67' title='bbox 941 1464 1005 1506; x_wconf 94' lang='lat' dir='ltr'>non</span> <span class='ocrx_word' id='word_1_68' title='bbox 1042 1464 1169 1506; x_wconf 91' lang='lat' dir='ltr'>omnem</span> <span class='ocrx_word' id='word_1_69' title='bbox 1234 1469 1240 1476; x_wconf 87' lang='lat'><strong>·</strong></span> 
     </span>
    </p>
   </div>
   <div class='ocr_carea' id='block_1_4' title="bbox 97 1545 1168 3689">
    <p class='ocr_par' dir='ltr' id='par_1_4' title="bbox 97 1545 1168 2657">
     <span class='ocr_line' id='line_1_10' title="bbox 141 1545 1168 1630; baseline 0.003 -23"><span class='ocrx_word' id='word_1_70' title='bbox 141 1545 213 1608; x_wconf 92' lang='lat' dir='ltr'>huic</span> <span class='ocrx_word' id='word_1_71' title='bbox 238 1546 414 1609; x_wconf 88' lang='lat' dir='ltr'>sententiae</span> <span class='ocrx_word' id='word_1_72' title='bbox 437 1562 510 1608; x_wconf 89' lang='lat' dir='ltr'>cum</span> <span class='ocrx_word' id='word_1_73' title='bbox 532 1545 690 1628; x_wconf 88' lang='lat' dir='ltr'>abnegare</span> <span class='ocrx_word' id='word_1_74' title='bbox 714 1545 812 1609; x_wconf 93' lang='lat' dir='ltr'>fidem</span> <span class='ocrx_word' id='word_1_75' title='bbox 834 1553 968 1630; x_wconf 88' lang='lat' dir='ltr'>apparet</span> <span class='ocrx_word' id='word_1_76' title='bbox 991 1567 1032 1609; x_wconf 85' lang='lat' dir='ltr'>cx</span> <span class='ocrx_word' id='word_1_77' title='bbox 1053 1547 1168 1628; x_wconf 79' lang='lat' dir='ltr'>verbis,</span> 
     </span>
     <span class='ocr_line' id='line_1_11' title="bbox 139 1647 1168 1732; baseline 0.003 -22"><span class='ocrx_word' id='word_1_78' title='bbox 139 1647 254 1732; x_wconf 92' lang='lat' dir='ltr'>quibus</span> <span class='ocrx_word' id='word_1_79' title='bbox 276 1647 337 1730; x_wconf 84' lang='lat' dir='ltr'>HI,</span> <span class='ocrx_word' id='word_1_80' title='bbox 353 1647 447 1713; x_wconf 87' lang='grc'>1080</span> <span class='ocrx_word' id='word_1_81' title='bbox 474 1651 512 1712; x_wconf 88' lang='grc'>10</span> <span class='ocrx_word' id='word_1_82' title='bbox 544 1669 609 1732; x_wconf 89' lang='lat' dir='ltr'>seq.</span> <span class='ocrx_word' id='word_1_83' title='bbox 633 1670 667 1713; x_wconf 88' lang='lat' dir='ltr'>se</span> <span class='ocrx_word' id='word_1_84' title='bbox 698 1670 739 1712; x_wconf 87' lang='lat' dir='ltr'>ex</span> <span class='ocrx_word' id='word_1_85' title='bbox 767 1648 827 1712; x_wconf 92' lang='lat' dir='ltr'>hac</span> <span class='ocrx_word' id='word_1_86' title='bbox 857 1650 1016 1713; x_wconf 87' lang='lat' dir='ltr'>sententia</span> <span class='ocrx_word' id='word_1_87' title='bbox 1045 1655 1168 1713; x_wconf 89' lang='lat' dir='ltr'>tautum</span> 
     </span>
     <span class='ocr_line' id='line_1_12' title="bbox 139 1749 1168 1834; baseline 0.003 -21"><span class='ocrx_word' id='word_1_88' title='bbox 139 1749 283 1834; x_wconf 88' lang='lat' dir='ltr'>accipere</span> <span class='ocrx_word' id='word_1_89' title='bbox 306 1751 387 1814; x_wconf 87' lang='lat' dir='ltr'>velle</span> <span class='ocrx_word' id='word_1_90' title='bbox 411 1750 497 1833; x_wconf 84' lang='lat' dir='ltr'>dicit,</span> <span class='ocrx_word' id='word_1_91' title='bbox 521 1757 675 1834; x_wconf 90' lang='lat' dir='ltr'>quantum</span> <span class='ocrx_word' id='word_1_92' title='bbox 699 1751 776 1816; x_wconf 90' lang='lat' dir='ltr'>satis</span> <span class='ocrx_word' id='word_1_93' title='bbox 808 1752 849 1815; x_wconf 91' lang='lat' dir='ltr'>sit</span> <span class='ocrx_word' id='word_1_94' title='bbox 878 1752 919 1816; x_wconf 88' lang='lat' dir='ltr'>ad</span> <span class='ocrx_word' id='word_1_95' title='bbox 948 1752 1168 1816; x_wconf 87' lang='lat' dir='ltr'>demonstrau-</span> 
     </span>
     <span class='ocr_line' id='line_1_13' title="bbox 139 1852 1166 1937; baseline 0.003 -22"><span class='ocrx_word' id='word_1_96' title='bbox 139 1852 215 1916; x_wconf 93' lang='lat' dir='ltr'>dum</span> <span class='ocrx_word' id='word_1_97' title='bbox 237 1852 319 1916; x_wconf 88' lang='lat' dir='ltr'>hane</span> <span class='ocrx_word' id='word_1_98' title='bbox 343 1853 535 1918; x_wconf 89' lang='lat' dir='ltr'>seutentiam</span> <span class='ocrx_word' id='word_1_99' title='bbox 551 1853 655 1937; x_wconf 89' lang='lat' dir='ltr'>aliquo</span> <span class='ocrx_word' id='word_1_100' title='bbox 671 1853 766 1916; x_wconf 92' lang='lat' dir='ltr'>modo</span> <span class='ocrx_word' id='word_1_101' title='bbox 782 1855 951 1919; x_wconf 88' lang='lat' dir='ltr'>convenire</span> <span class='ocrx_word' id='word_1_102' title='bbox 974 1877 1046 1918; x_wconf 95' lang='lat' dir='ltr'>cum</span> <span class='ocrx_word' id='word_1_103' title='bbox 1062 1877 1166 1919; x_wconf 90' lang='lat' dir='ltr'>resur·</span> 
     </span>
     <span class='ocr_line' id='line_1_14' title="bbox 139 1950 1166 2042; baseline 0.001 -24"><span class='ocrx_word' id='word_1_104' title='bbox 139 1956 287 2019; x_wconf 85' lang='lat' dir='ltr'>rectionis</span> <span class='ocrx_word' id='word_1_105' title='bbox 310 1955 469 2022; x_wconf 85' lang='lat' dir='ltr'>doctriua:</span> <span class='ocrx_word' id='word_1_106' title='bbox 493 1953 541 2037; x_wconf 83' lang='grc' dir='ltr'>,τὸ</span> <span class='ocrx_word' id='word_1_107' title='bbox 565 1952 624 2036; x_wconf 82' lang='grc' dir='ltr'>γὰρ</span> <span class='ocrx_word' id='word_1_108' title='bbox 646 1955 768 2038; x_wconf 65' lang='grc' dir='ltr'><strong><em>λέγειν,</em></strong></span> <span class='ocrx_word' id='word_1_109' title='bbox 800 1959 904 2042; x_wconf 88' lang='lat' dir='ltr'>pergit</span> <span class='ocrx_word' id='word_1_110' title='bbox 925 1950 1047 2036; x_wconf 68' lang='lat' dir='ltr'>‚adrosis</span> <span class='ocrx_word' id='word_1_111' title='bbox 1067 1954 1166 2020; x_wconf 80' lang='grc' dir='ltr'><strong><em>πάλιν</em></strong></span> 
     </span>
     <span class='ocr_line' id='line_1_15' title="bbox 137 2050 1165 2142; baseline 0.003 -23"><span class='ocrx_word' id='word_1_112' title='bbox 137 2057 222 2119; x_wconf 83' lang='grc' dir='ltr'><strong><em>τισὶν</em></strong></span> <span class='ocrx_word' id='word_1_113' title='bbox 237 2053 501 2135; x_wconf 72' lang='grc' dir='ltr'><strong><em>ἐττεισκρίνεσθατ</em></strong></span> <span class='ocrx_word' id='word_1_114' title='bbox 516 2055 657 2136; x_wconf 82' lang='grc' dir='ltr'><strong><em>σώμασίν</em></strong></span> <span class='ocrx_word' id='word_1_115' title='bbox 667 2057 748 2135; x_wconf 82' lang='grc' dir='ltr'><strong><em>μετὰ</em></strong></span> <span class='ocrx_word' id='word_1_116' title='bbox 760 2052 822 2142; x_wconf 78' lang='grc' dir='ltr'>τὴν</span> <span class='ocrx_word' id='word_1_117' title='bbox 834 2050 900 2128; x_wconf 63' lang='grc' dir='ltr'>ἀπὸ</span> <span class='ocrx_word' id='word_1_118' title='bbox 912 2055 1032 2122; x_wconf 70' lang='grc' dir='ltr'><strong><em>τοῦτον</em></strong></span> <span class='ocrx_word' id='word_1_119' title='bbox 1044 2056 1165 2130; x_wconf 80' lang='grc' dir='ltr'><em>διάζευ-</em></span> 
     </span>
     <span class='ocr_line' id='line_1_16' title="bbox 138 2153 1166 2244; baseline 0.006 -24"><span class='ocrx_word' id='word_1_120' title='bbox 138 2164 188 2232; x_wconf 85' lang='grc' dir='ltr'>ξιν</span> <span class='ocrx_word' id='word_1_121' title='bbox 202 2162 255 2238; x_wconf 83' lang='lat' dir='ltr'>(cl.</span> <span class='ocrx_word' id='word_1_122' title='bbox 269 2160 390 2226; x_wconf 89' lang='lat' dir='ltr'>Phaed.</span> <span class='ocrx_word' id='word_1_123' title='bbox 404 2165 444 2226; x_wconf 85' lang='lat'>88</span> <span class='ocrx_word' id='word_1_124' title='bbox 453 2162 493 2238; x_wconf 89' lang='lat' dir='ltr'>B)</span> <span class='ocrx_word' id='word_1_125' title='bbox 507 2158 565 2243; x_wconf 77' lang='grc' dir='ltr'>τὴν</span> <span class='ocrx_word' id='word_1_126' title='bbox 577 2157 696 2244; x_wconf 76' lang='grc' dir='ltr'><strong><em>ψυχὴν,</em></strong></span> <span class='ocrx_word' id='word_1_127' title='bbox 708 2153 744 2222; x_wconf 83' lang='grc' dir='ltr'>οὐ</span> <span class='ocrx_word' id='word_1_128' title='bbox 756 2161 826 2224; x_wconf 82' lang='grc' dir='ltr'><strong><em>λίαν</em></strong></span> <span class='ocrx_word' id='word_1_129' title='bbox 840 2157 961 2244; x_wconf 76' lang='grc' dir='ltr'><em>ἀπᾴδει</em></span> <span class='ocrx_word' id='word_1_130' title='bbox 974 2161 1030 2244; x_wconf 70' lang='grc' dir='ltr'>τῆς</span> <span class='ocrx_word' id='word_1_131' title='bbox 1044 2159 1166 2236; x_wconf 80' lang='grc' dir='ltr'><strong><em>ἐλπιζο-</em></strong></span> 
     </span>
     <span class='ocr_line' id='line_1_17' title="bbox 137 2255 1167 2346; baseline 0.007 -22"><span class='ocrx_word' id='word_1_132' title='bbox 137 2267 234 2343; x_wconf 64' lang='grc' dir='ltr'><strong><em>μένης</em></strong></span> <span class='ocrx_word' id='word_1_133' title='bbox 245 2258 319 2346; x_wconf 76' lang='grc' dir='ltr'><strong><em>ἡμῖν</em></strong></span> <span class='ocrx_word' id='word_1_134' title='bbox 331 2255 548 2345; x_wconf 64' lang='grc' dir='ltr'><strong><em>ἀναβιώσεωςλ.</em></strong></span> <span class='ocrx_word' id='word_1_135' title='bbox 582 2265 764 2329; x_wconf 89' lang='lat' dir='ltr'>Discrimen</span> <span class='ocrx_word' id='word_1_136' title='bbox 776 2271 884 2329; x_wconf 80' lang='lat' dir='ltr'>cutem</span> <span class='ocrx_word' id='word_1_137' title='bbox 896 2266 927 2329; x_wconf 91' lang='lat' dir='ltr'>iu</span> <span class='ocrx_word' id='word_1_138' title='bbox 940 2287 979 2330; x_wconf 89' lang='lat' dir='ltr'>eo</span> <span class='ocrx_word' id='word_1_139' title='bbox 995 2267 1167 2331; x_wconf 85' lang='lat' dir='ltr'>consistere</span> 
     </span>
     <span class='ocr_line' id='line_1_18' title="bbox 97 2367 1167 2452; baseline 0.003 -22"><span class='ocrx_word' id='word_1_140' title='bbox 97 2425 110 2450; x_wconf 76' lang='grc'><strong><em>,</em></strong></span> <span class='ocrx_word' id='word_1_141' title='bbox 139 2367 224 2450; x_wconf 85' lang='lat' dir='ltr'>dicit,</span> <span class='ocrx_word' id='word_1_142' title='bbox 247 2367 332 2452; x_wconf 92' lang='lat' dir='ltr'>quod</span> <span class='ocrx_word' id='word_1_143' title='bbox 348 2367 520 2432; x_wconf 77' lang='lat' dir='ltr'>Christiani</span> <span class='ocrx_word' id='word_1_144' title='bbox 544 2368 679 2432; x_wconf 88' lang='lat' dir='ltr'>doceant</span> <span class='ocrx_word' id='word_1_145' title='bbox 700 2368 787 2432; x_wconf 89' lang='lat' dir='ltr'>idem</span> <span class='ocrx_word' id='word_1_146' title='bbox 803 2391 911 2432; x_wconf 91' lang='lat' dir='ltr'>rursus</span> <span class='ocrx_word' id='word_1_147' title='bbox 927 2369 1010 2433; x_wconf 87' lang='lat' dir='ltr'>circa</span> <span class='ocrx_word' id='word_1_148' title='bbox 1027 2371 1167 2433; x_wconf 85' lang='lat' dir='ltr'>emmam</span> 
     </span>
     <span class='ocr_line' id='line_1_19' title="bbox 138 2470 1164 2555; baseline 0.002 -22"><span class='ocrx_word' id='word_1_149' title='bbox 138 2471 274 2548; x_wconf 86' lang='lat' dir='ltr'>eandem</span> <span class='ocrx_word' id='word_1_150' title='bbox 297 2491 500 2534; x_wconf 85' lang='lat' dir='ltr'>concrescere</span> <span class='ocrx_word' id='word_1_151' title='bbox 516 2491 639 2554; x_wconf 84' lang='lat' dir='ltr'>corpus,</span> <span class='ocrx_word' id='word_1_152' title='bbox 655 2470 700 2533; x_wconf 90' lang='lat' dir='ltr'>illi</span> <span class='ocrx_word' id='word_1_153' title='bbox 715 2491 790 2534; x_wconf 89' lang='lat' dir='ltr'>vero</span> <span class='ocrx_word' id='word_1_154' title='bbox 806 2477 920 2555; x_wconf 90' lang='lat' dir='ltr'>putent</span> <span class='ocrx_word' id='word_1_155' title='bbox 934 2472 974 2534; x_wconf 88' lang='lat' dir='ltr'>cd</span> <span class='ocrx_word' id='word_1_156' title='bbox 991 2472 1053 2535; x_wconf 86' lang='lat' dir='ltr'>alia</span> <span class='ocrx_word' id='word_1_157' title='bbox 1068 2493 1164 2555; x_wconf 88' lang='lat' dir='ltr'>quae·</span> 
     </span>
     <span class='ocr_line' id='line_1_20' title="bbox 138 2571 938 2657; baseline 0.004 -22"><span class='ocrx_word' id='word_1_158' title='bbox 138 2572 212 2635; x_wconf 90' lang='lat' dir='ltr'>dam</span> <span class='ocrx_word' id='word_1_159' title='bbox 236 2593 367 2657; x_wconf 91' lang='lat' dir='ltr'>corpora</span> <span class='ocrx_word' id='word_1_160' title='bbox 389 2573 529 2638; x_wconf 89' lang='lat' dir='ltr'>animam</span> <span class='ocrx_word' id='word_1_161' title='bbox 552 2571 652 2656; x_wconf 84' lang='lat' dir='ltr'>redigi</span> <span class='ocrx_word' id='word_1_162' title='bbox 675 2579 770 2656; x_wconf 84' lang='lat' dir='ltr'>atque</span> <span class='ocrx_word' id='word_1_163' title='bbox 794 2574 938 2639; x_wconf 90' lang='lat' dir='ltr'>transire.</span> 
     </span>
    </p>

    <p class='ocr_par' dir='ltr' id='par_1_5' title="bbox 136 2677 1166 3689">
     <span class='ocr_line' id='line_1_21' title="bbox 223 2677 1165 2764; baseline 0.002 -23"><span class='ocrx_word' id='word_1_164' title='bbox 223 2678 338 2742; x_wconf 78' lang='lat' dir='ltr'>Fusius</span> <span class='ocrx_word' id='word_1_165' title='bbox 361 2677 476 2742; x_wconf 90' lang='lat' dir='ltr'>deinde</span> <span class='ocrx_word' id='word_1_166' title='bbox 499 2699 518 2740; x_wconf 90' lang='lat' dir='ltr'>a</span> <span class='ocrx_word' id='word_1_167' title='bbox 544 2699 615 2762; x_wconf 90' lang='lat' dir='ltr'>pag.</span> <span class='ocrx_word' id='word_1_168' title='bbox 649 2678 744 2742; x_wconf 82' lang='grc'>1120</span> <span class='ocrx_word' id='word_1_169' title='bbox 770 2683 789 2745; x_wconf 84' lang='lat'>8</span> <span class='ocrx_word' id='word_1_170' title='bbox 820 2686 916 2764; x_wconf 92' lang='lat' dir='ltr'>atque</span> <span class='ocrx_word' id='word_1_171' title='bbox 944 2680 1066 2744; x_wconf 90' lang='lat' dir='ltr'>eisdem</span> <span class='ocrx_word' id='word_1_172' title='bbox 1097 2682 1165 2743; x_wconf 85' lang='lat' dir='ltr'>fere</span> 
     </span>
     <span class='ocr_line' id='line_1_22' title="bbox 138 2781 1166 2864; baseline 0.001 -21"><span class='ocrx_word' id='word_1_173' title='bbox 138 2801 219 2864; x_wconf 92' lang='lat' dir='ltr'>quae</span> <span class='ocrx_word' id='word_1_174' title='bbox 242 2781 274 2844; x_wconf 92' lang='lat' dir='ltr'>in</span> <span class='ocrx_word' id='word_1_175' title='bbox 297 2781 441 2844; x_wconf 90' lang='lat' dir='ltr'>Platonis</span> <span class='ocrx_word' id='word_1_176' title='bbox 464 2781 611 2845; x_wconf 87' lang='lat' dir='ltr'>Phaedro</span> <span class='ocrx_word' id='word_1_177' title='bbox 634 2787 762 2845; x_wconf 85' lang='lat' dir='ltr'>exstant</span> <span class='ocrx_word' id='word_1_178' title='bbox 784 2782 889 2847; x_wconf 88' lang='lat' dir='ltr'>verbis</span> <span class='ocrx_word' id='word_1_179' title='bbox 919 2782 1001 2846; x_wconf 85' lang='lat' dir='ltr'>hanc</span> <span class='ocrx_word' id='word_1_180' title='bbox 1031 2781 1071 2846; x_wconf 91' lang='lat' dir='ltr'>de</span> <span class='ocrx_word' id='word_1_181' title='bbox 1099 2783 1166 2845; x_wconf 92' lang='lat' dir='ltr'>ani-</span> 
     </span>
     <span class='ocr_line' id='line_1_23' title="bbox 137 2884 1164 2970; baseline 0.005 -26"><span class='ocrx_word' id='word_1_182' title='bbox 137 2903 261 2945; x_wconf 89' lang='lat' dir='ltr'>marum</span> <span class='ocrx_word' id='word_1_183' title='bbox 284 2884 473 2967; x_wconf 85' lang='lat' dir='ltr'>migratione</span> <span class='ocrx_word' id='word_1_184' title='bbox 497 2885 628 2968; x_wconf 90' lang='lat' dir='ltr'>exponit</span> <span class='ocrx_word' id='word_1_185' title='bbox 650 2885 852 2966; x_wconf 82' lang='lat' dir='ltr'>senteutiam,</span> <span class='ocrx_word' id='word_1_186' title='bbox 876 2887 966 2949; x_wconf 88' lang='lat' dir='ltr'>euius</span> <span class='ocrx_word' id='word_1_187' title='bbox 988 2907 1091 2970; x_wconf 90' lang='lat' dir='ltr'>pauca</span> <span class='ocrx_word' id='word_1_188' title='bbox 1113 2885 1164 2949; x_wconf 92' lang='lat' dir='ltr'>hic</span> 
     </span>
     <span class='ocr_line' id='line_1_24' title="bbox 137 2984 1166 3070; baseline 0.002 -22"><span class='ocrx_word' id='word_1_189' title='bbox 137 2985 269 3050; x_wconf 83' lang='lat' dir='ltr'>afferam</span> <span class='ocrx_word' id='word_1_190' title='bbox 285 2987 375 3050; x_wconf 85' lang='lat' dir='ltr'>iuxta</span> <span class='ocrx_word' id='word_1_191' title='bbox 396 2987 540 3051; x_wconf 88' lang='lat' dir='ltr'>Platonis</span> <span class='ocrx_word' id='word_1_192' title='bbox 562 2989 676 3052; x_wconf 88' lang='lat' dir='ltr'>verbe:</span> <span class='ocrx_word' id='word_1_193' title='bbox 701 2984 832 3070; x_wconf 75' lang='grc' dir='ltr'><strong><em>,ἥκουσα</em></strong></span> <span class='ocrx_word' id='word_1_194' title='bbox 855 3039 863 3054; x_wconf 93' lang='grc'><strong>.</strong></span> <span class='ocrx_word' id='word_1_195' title='bbox 887 3039 895 3053; x_wconf 88' lang='grc'><strong>.</strong></span> <span class='ocrx_word' id='word_1_196' title='bbox 920 3039 927 3053; x_wconf 92' lang='grc'><strong>.</strong></span> <span class='ocrx_word' id='word_1_197' title='bbox 951 2989 1015 3050; x_wconf 79' lang='grc' dir='ltr'>τῶν</span> <span class='ocrx_word' id='word_1_198' title='bbox 1037 2991 1166 3050; x_wconf 80' lang='grc' dir='ltr'><strong><em>τοιαῦτα</em></strong></span> 
     </span>
     <span class='ocr_line' id='line_1_25' title="bbox 137 3083 1165 3174; baseline 0.001 -24"><span class='ocrx_word' id='word_1_199' title='bbox 137 3085 423 3166; x_wconf 56' lang='lat' dir='ltr'>corporaturae)</span> <span class='ocrx_word' id='word_1_200' title='bbox 449 3083 502 3151; x_wconf 80' lang='grc' dir='ltr'>ὅτι</span> <span class='ocrx_word' id='word_1_201' title='bbox 524 3085 605 3173; x_wconf 70' lang='grc' dir='ltr'><strong><em>ἔθνη</em></strong></span> <span class='ocrx_word' id='word_1_202' title='bbox 628 3085 699 3151; x_wconf 84' lang='grc' dir='ltr'><strong><em>τινὰ</em></strong></span> <span class='ocrx_word' id='word_1_203' title='bbox 726 3091 790 3152; x_wconf 81' lang='grc' dir='ltr'>τῶν</span> <span class='ocrx_word' id='word_1_204' title='bbox 812 3090 926 3174; x_wconf 74' lang='grc' dir='ltr'><strong><em>ψυχαῖν</em></strong></span> <span class='ocrx_word' id='word_1_205' title='bbox 954 3083 1165 3153; x_wconf 72' lang='grc' dir='ltr'><strong><em>ἀποτίθενται</em></strong></span> 
     </span>
     <span class='ocr_line' id='line_1_26' title="bbox 138 3183 1159 3278; baseline 0.002 -26"><span class='ocrx_word' id='word_1_206' title='bbox 138 3185 172 3252; x_wconf 81' lang='grc' dir='ltr'>ἐν</span> <span class='ocrx_word' id='word_1_207' title='bbox 194 3187 356 3274; x_wconf 76' lang='grc' dir='ltr'><strong><em>ίδιαζούσῃ</em></strong></span> <span class='ocrx_word' id='word_1_208' title='bbox 377 3190 440 3254; x_wconf 84' lang='grc' dir='ltr'><strong><em>τινὶ</em></strong></span> <span class='ocrx_word' id='word_1_209' title='bbox 462 3191 605 3274; x_wconf 69' lang='grc' dir='ltr'><strong><em>πολιτεία</em></strong></span> <span class='ocrx_word' id='word_1_210' title='bbox 626 3194 720 3270; x_wconf 87' lang='lat' dir='ltr'>(Plat.</span> <span class='ocrx_word' id='word_1_211' title='bbox 737 3193 818 3278; x_wconf 88' lang='lat' dir='ltr'>Rep.</span> <span class='ocrx_word' id='word_1_212' title='bbox 836 3185 944 3271; x_wconf 86' lang='grc'>6190)</span> <span class='ocrx_word' id='word_1_213' title='bbox 969 3183 1036 3273; x_wconf 75' lang='grc' dir='ltr'>πρὸ</span> <span class='ocrx_word' id='word_1_214' title='bbox 1054 3191 1109 3275; x_wconf 74' lang='grc' dir='ltr'>τῆς</span> <span class='ocrx_word' id='word_1_215' title='bbox 1125 3189 1159 3255; x_wconf 80' lang='grc' dir='ltr'>ἐν</span> 
     </span>
     <span class='ocr_line' id='line_1_27' title="bbox 137 3288 1162 3379; baseline 0.007 -25"><span class='ocrx_word' id='word_1_216' title='bbox 137 3288 256 3372; x_wconf 85' lang='grc' dir='ltr'><strong><em>σώματι</em></strong></span> <span class='ocrx_word' id='word_1_217' title='bbox 278 3293 360 3375; x_wconf 81' lang='grc' dir='ltr'><strong><em>ζωῆς</em></strong></span> <span class='ocrx_word' id='word_1_218' title='bbox 381 3293 567 3372; x_wconf 77' lang='grc' dir='ltr'><strong><em>βιοτεύοντα</em></strong></span> <span class='ocrx_word' id='word_1_219' title='bbox 589 3295 622 3355; x_wconf 85' lang='grc' dir='ltr'>έν</span> <span class='ocrx_word' id='word_1_220' title='bbox 637 3296 683 3377; x_wconf 73' lang='grc' dir='ltr'>τῷ</span> <span class='ocrx_word' id='word_1_221' title='bbox 698 3293 808 3378; x_wconf 73' lang='grc' dir='ltr'><strong><em>λεπτῷ</em></strong></span> <span class='ocrx_word' id='word_1_222' title='bbox 822 3315 857 3357; x_wconf 84' lang='grc' dir='ltr'>τε</span> <span class='ocrx_word' id='word_1_223' title='bbox 871 3296 922 3356; x_wconf 84' lang='grc' dir='ltr'>καὶ</span> <span class='ocrx_word' id='word_1_224' title='bbox 938 3290 1093 3379; x_wconf 76' lang='grc' dir='ltr'><strong><em>είκινὴτῳ</em></strong></span> <span class='ocrx_word' id='word_1_225' title='bbox 1109 3295 1162 3377; x_wconf 70' lang='grc' dir='ltr'>τῆς</span> 
     </span>
     <span class='ocr_line' id='line_1_28' title="bbox 136 3390 1162 3480; baseline 0.003 -24"><span class='ocrx_word' id='word_1_226' title='bbox 136 3393 263 3475; x_wconf 76' lang='grc' dir='ltr'><strong><em>(μύσεως</em></strong></span> <span class='ocrx_word' id='word_1_227' title='bbox 284 3393 403 3458; x_wconf 78' lang='grc' dir='ltr'><strong><em>ἑαυτῶν</em></strong></span> <span class='ocrx_word' id='word_1_228' title='bbox 424 3397 463 3480; x_wconf 73' lang='grc' dir='ltr'>τῇ</span> <span class='ocrx_word' id='word_1_229' title='bbox 488 3399 545 3459; x_wconf 84' lang='grc' dir='ltr'>τοῦ</span> <span class='ocrx_word' id='word_1_230' title='bbox 567 3390 686 3466; x_wconf 82' lang='grc' dir='ltr'><strong><em>παντὸς</em></strong></span> <span class='ocrx_word' id='word_1_231' title='bbox 710 3397 1015 3478; x_wconf 77' lang='grc' dir='ltr'><strong><em>αυμττεριτιολοῦντα</em></strong></span> <span class='ocrx_word' id='word_1_232' title='bbox 1030 3393 1162 3479; x_wconf 66' lang='grc' dir='ltr'><strong><em>δινῇσεί</em></strong></span> 
     </span>
     <span class='ocr_line' id='line_1_29' title="bbox 139 3497 1159 3584; baseline 0.001 -21"><span class='ocrx_word' id='word_1_233' title='bbox 139 3497 287 3576; x_wconf 81' lang='lat' dir='ltr'>(Phaedr.</span> <span class='ocrx_word' id='word_1_234' title='bbox 320 3503 382 3565; x_wconf 81' lang='grc'>246</span> <span class='ocrx_word' id='word_1_235' title='bbox 390 3500 442 3577; x_wconf 91' lang='grc' dir='ltr'>Β).</span> <span class='ocrx_word' id='word_1_236' title='bbox 495 3501 684 3565; x_wconf 88' lang='lat' dir='ltr'>Accuratius</span> <span class='ocrx_word' id='word_1_237' title='bbox 722 3501 901 3565; x_wconf 85' lang='lat' dir='ltr'>animarum</span> <span class='ocrx_word' id='word_1_238' title='bbox 938 3501 1159 3584; x_wconf 89' lang='lat' dir='ltr'>migrationem</span> 
     </span>
     <span class='ocr_line' id='line_1_30' title="bbox 136 3602 1161 3689; baseline 0.001 -23"><span class='ocrx_word' id='word_1_239' title='bbox 136 3603 280 3666; x_wconf 90' lang='lat' dir='ltr'>Platonis</span> <span class='ocrx_word' id='word_1_240' title='bbox 302 3603 407 3667; x_wconf 90' lang='lat' dir='ltr'>verbis</span> <span class='ocrx_word' id='word_1_241' title='bbox 430 3602 621 3689; x_wconf 89' lang='lat' dir='ltr'>descriptam</span> <span class='ocrx_word' id='word_1_242' title='bbox 644 3604 718 3669; x_wconf 86' lang='lat' dir='ltr'>inde</span> <span class='ocrx_word' id='word_1_243' title='bbox 742 3627 761 3668; x_wconf 89' lang='lat' dir='ltr'>a</span> <span class='ocrx_word' id='word_1_244' title='bbox 783 3625 854 3688; x_wconf 86' lang='lat' dir='ltr'>pag.</span> <span class='ocrx_word' id='word_1_245' title='bbox 873 3605 968 3669; x_wconf 88' lang='grc'>1130</span> <span class='ocrx_word' id='word_1_246' title='bbox 984 3605 1161 3688; x_wconf 84' lang='lat' dir='ltr'>impugnat,</span> 
     </span>
    </p>
   </div>
   <div class='ocr_carea' id='block_1_5' title="bbox 8 3705 1029 3800">
    <p class='ocr_par' dir='ltr' id='par_1_6' title="bbox 8 3705 1029 3800">
     <span class='ocr_line' id='line_1_31' title="bbox 8 3705 1029 3800; baseline 0.001 -29"><span class='ocrx_word' id='word_1_247' title='bbox 8 3774 14 3800; x_wconf 35' lang='grc' dir='ltr'><em>τ</em></span> <span class='ocrx_word' id='word_1_248' title='bbox 113 3732 115 3736; x_wconf 56' lang='lat'><strong><em>¹</em></strong></span> <span class='ocrx_word' id='word_1_249' title='bbox 136 3705 222 3790; x_wconf 95' lang='lat' dir='ltr'>quod</span> <span class='ocrx_word' id='word_1_250' title='bbox 243 3706 365 3769; x_wconf 88' lang='lat' dir='ltr'>nullum</span> <span class='ocrx_word' id='word_1_251' title='bbox 388 3705 420 3768; x_wconf 95' lang='lat' dir='ltr'>in</span> <span class='ocrx_word' id='word_1_252' title='bbox 444 3727 477 3769; x_wconf 91' lang='lat' dir='ltr'>se</span> <span class='ocrx_word' id='word_1_253' title='bbox 502 3707 614 3771; x_wconf 86' lang='lat' dir='ltr'>stabile</span> <span class='ocrx_word' id='word_1_254' title='bbox 637 3707 873 3770; x_wconf 90' lang='lat' dir='ltr'>firmamentum</span> <span class='ocrx_word' id='word_1_255' title='bbox 896 3707 1029 3772; x_wconf 89' lang='lat' dir='ltr'>habeat:</span> 
     </span>
    </p>
   </div>
   <div class='ocr_carea' id='block_1_6' title="bbox 134 3955 1163 4394">
    <p class='ocr_par' dir='ltr' id='par_1_7' title="bbox 134 3955 1163 4394">
     <span class='ocr_line' id='line_1_32' title="bbox 224 3955 1162 4048; baseline 0 -18"><span class='ocrx_word' id='word_1_256' title='bbox 224 3976 245 4048; x_wconf 89' lang='lat'>¹)</span> <span class='ocrx_word' id='word_1_257' title='bbox 263 3955 414 4046; x_wconf 76' lang='lat' dir='ltr'>(lrigenem</span> <span class='ocrx_word' id='word_1_258' title='bbox 440 3993 502 4029; x_wconf 89' lang='lat' dir='ltr'>eum</span> <span class='ocrx_word' id='word_1_259' title='bbox 534 3977 701 4048; x_wconf 86' lang='lat' dir='ltr'>intellegere</span> <span class='ocrx_word' id='word_1_260' title='bbox 726 3994 760 4031; x_wconf 82' lang='lat' dir='ltr'>ex</span> <span class='ocrx_word' id='word_1_261' title='bbox 786 3994 848 4047; x_wconf 84' lang='lat' dir='ltr'>cap.</span> <span class='ocrx_word' id='word_1_262' title='bbox 871 3978 906 4033; x_wconf 80' lang='lat'>28</span> <span class='ocrx_word' id='word_1_263' title='bbox 932 3977 999 4032; x_wconf 93' lang='lat' dir='ltr'>libri</span> <span class='ocrx_word' id='word_1_264' title='bbox 1025 3977 1101 4032; x_wconf 90' lang='lat' dir='ltr'>illius</span> <span class='ocrx_word' id='word_1_265' title='bbox 1127 3977 1162 4030; x_wconf 90' lang='lat' dir='ltr'>de</span> 
     </span>
     <span class='ocr_line' id='line_1_33' title="bbox 135 4061 1163 4136; baseline 0.003 -21"><span class='ocrx_word' id='word_1_266' title='bbox 135 4063 208 4116; x_wconf 92' lang='lat' dir='ltr'>hom.</span> <span class='ocrx_word' id='word_1_267' title='bbox 228 4063 295 4132; x_wconf 82' lang='lat' dir='ltr'>opit.</span> <span class='ocrx_word' id='word_1_268' title='bbox 316 4061 421 4133; x_wconf 76' lang='lat' dir='ltr'><strong>(I‚232)</strong></span> <span class='ocrx_word' id='word_1_269' title='bbox 440 4068 568 4134; x_wconf 84' lang='lat' dir='ltr'>apparet,</span> <span class='ocrx_word' id='word_1_270' title='bbox 587 4081 643 4136; x_wconf 92' lang='lat' dir='ltr'>quo</span> <span class='ocrx_word' id='word_1_271' title='bbox 661 4065 724 4118; x_wconf 90' lang='lat' dir='ltr'>loco</span> <span class='ocrx_word' id='word_1_272' title='bbox 738 4064 891 4135; x_wconf 86' lang='lat' dir='ltr'>Origenem</span> <span class='ocrx_word' id='word_1_273' title='bbox 904 4067 1017 4120; x_wconf 87' lang='lat' dir='ltr'>incusat</span> <span class='ocrx_word' id='word_1_274' title='bbox 1030 4082 1087 4119; x_wconf 92' lang='lat' dir='ltr'>non</span> <span class='ocrx_word' id='word_1_275' title='bbox 1102 4082 1163 4118; x_wconf 88' lang='lat' dir='ltr'>esse</span> 
     </span>
     <span class='ocr_line' id='line_1_34' title="bbox 134 4145 1163 4226; baseline 0.002 -24"><span class='ocrx_word' id='word_1_276' title='bbox 134 4151 285 4203; x_wconf 83' lang='lat' dir='ltr'>immrmcm</span> <span class='ocrx_word' id='word_1_277' title='bbox 293 4157 349 4204; x_wconf 79' lang='grc' dir='ltr'>τῶν</span> <span class='ocrx_word' id='word_1_278' title='bbox 358 4150 528 4216; x_wconf 74' lang='grc' dir='ltr'><strong><em>Ἑλληνικῶν</em></strong></span> <span class='ocrx_word' id='word_1_279' title='bbox 540 4145 690 4221; x_wconf 79' lang='grc' dir='ltr'><strong><em>δογμάτων</em></strong></span> <span class='ocrx_word' id='word_1_280' title='bbox 698 4158 756 4204; x_wconf 77' lang='grc' dir='ltr'>τῶν</span> <span class='ocrx_word' id='word_1_281' title='bbox 766 4155 824 4226; x_wconf 75' lang='grc' dir='ltr'>περὶ</span> <span class='ocrx_word' id='word_1_282' title='bbox 833 4160 881 4217; x_wconf 69' lang='grc' dir='ltr'>τὴς</span> <span class='ocrx_word' id='word_1_283' title='bbox 893 4149 1163 4222; x_wconf 74' lang='grc' dir='ltr'><strong><em>μετονοωματοίοτως</em></strong></span> 
     </span>
     <span class='ocr_line' id='line_1_35' title="bbox 136 4235 1161 4308; baseline 0.001 -18"><span class='ocrx_word' id='word_1_284' title='bbox 136 4235 237 4300; x_wconf 82' lang='grc' dir='ltr'><strong><em>αὐτοῖς</em></strong></span> <span class='ocrx_word' id='word_1_285' title='bbox 256 4235 543 4308; x_wconf 69' lang='grc' dir='ltr'><strong><em>μεμυθολογημένον.</em></strong></span> <span class='ocrx_word' id='word_1_286' title='bbox 580 4237 693 4292; x_wconf 87' lang='lat' dir='ltr'>Deinde</span> <span class='ocrx_word' id='word_1_287' title='bbox 713 4239 876 4293; x_wconf 85' lang='lat' dir='ltr'>accuratius</span> <span class='ocrx_word' id='word_1_288' title='bbox 895 4256 942 4292; x_wconf 86' lang='lat' dir='ltr'>ecs</span> <span class='ocrx_word' id='word_1_289' title='bbox 962 4239 1078 4308; x_wconf 80' lang='lat' dir='ltr'>exponit</span> <span class='ocrx_word' id='word_1_290' title='bbox 1097 4238 1161 4292; x_wconf 88' lang='lat' dir='ltr'>doc·</span> 
     </span>
     <span class='ocr_line' id='line_1_36' title="bbox 135 4323 722 4394; baseline 0.002 -16"><span class='ocrx_word' id='word_1_291' title='bbox 135 4323 240 4390; x_wconf 86' lang='lat' dir='ltr'>trinas,</span> <span class='ocrx_word' id='word_1_292' title='bbox 259 4324 342 4394; x_wconf 88' lang='lat' dir='ltr'>plane</span> <span class='ocrx_word' id='word_1_293' title='bbox 361 4329 454 4379; x_wconf 87' lang='lat' dir='ltr'>autem</span> <span class='ocrx_word' id='word_1_294' title='bbox 473 4325 568 4380; x_wconf 84' lang='lat' dir='ltr'>vorbis</span> <span class='ocrx_word' id='word_1_295' title='bbox 587 4324 722 4379; x_wconf 87' lang='lat' dir='ltr'>Platonis.</span> 
     </span>
    </p>
   </div>
   <div class='ocr_carea' id='block_1_7' title="bbox 0 0 1526 5084">
    <p class='ocr_par' dir='ltr' id='par_1_8' title="bbox 0 0 1526 5084">
     <span class='ocr_line' id='line_1_37' title="bbox 0 0 1526 5084; baseline 0 3"><span class='ocrx_word' id='word_1_296' title='bbox 0 0 1526 5084; x_wconf 95' lang='lat' dir='ltr'> </span> 
     </span>
    </p>
   </div>
  </div>
 </body>
</html>
