3042 5084
575 537 787 600 ..35-

158 706 200 770 ab
222 704 343 789 Aquila
377 706 496 768 omissa
520 743 558 751 -
582 706 696 789 quihus
719 705 886 789 Nyssenus
920 702 1034 767 eodem
1063 703 1097 765 in
1125 701 1193 764 dia·

158 810 234 892 logo
257 809 320 891 ΙΙΙ,
344 809 428 874 88Α
451 815 596 893 oportere
620 809 712 874 dicit:
742 806 1005 890 ,χωρίζεσθαι
1033 855 1041 869 .
1066 857 1073 871 .
1098 853 1105 868 .
1141 804 1193 866 καί

158 906 428 983 ἀπολύεσθαι
473 911 530 993 τῆς
567 904 651 993 πράς
686 903 786 992 αὐτὴν
825 907 954 989 (σάρκα)
998 911 1194 985 σχέσεως,

159 1012 210 1075 ἵνα
231 1009 315 1094 μετὰ
338 1011 399 1076 τάν
420 1010 564 1076 θάνατον
584 1009 630 1097 μὴ
644 1008 743 1075 πάλιν
757 1009 854 1074 ἀλλον
869 1009 1014 1075 θανάτου
1029 1007 1192 1097 δεώμεθα,

158 1115 229 1177 τοῦ
252 1107 300 1177 τά
322 1114 506 1198 λείψανα
530 1115 596 1198 τῆς
618 1110 856 1197 ααρκώδους
873 1112 1021 1196 κόλλης
1043 1107 1192 1175 ἀποκα·

159 1217 405 1296 θαίροντος·
452 1210 532 1279 ἀλλὰ
566 1215 761 1298 καθάπερ
799 1217 962 1295 δεσμῶν
998 1215 1045 1300 τῇ
1083 1218 1193 1299 ψυχῇ
1279 1203 1283 1210 ’

159 1313 526 1403 περιρραγέντων,
580 1318 733 1399 κοῦφος
789 1312 887 1404 αὐτῇ
940 1319 1004 1381 καὶ
1049 1317 1194 1388 ἄνετος

164 1417 190 1488 δ,
213 1416 328 1504 πρὸς
364 1413 411 1484 τά
445 1413 606 1497 ἀγαθὸν
638 1425 804 1504 γένηται
837 1417 1007 1502 δρόμος,
1041 1412 1193 1499 άνδεμιάς

160 1515 258 1607 αὐτὴν
287 1525 523 1606 σωματικῆς
551 1518 789 1607 ἀχθηδόνος
818 1520 901 1605 πρὸς
928 1517 1046 1606 ἑαυτὴν
1076 1517 1193 1603 ἀφελ-

160 1622 327 1710 κοάσης.ι

251 1728 351 1792 Cuius
374 1729 434 1792 l'ooi
459 1750 571 1792 sensus
594 1749 657 1791 non
679 1728 775 1791 modo
805 1728 890 1792 idem
920 1734 970 1792 est
999 1734 1094 1812 atque
1122 1749 1193 1792 ver-

160 1833 274 1896 borum
305 1832 562 1924 Platonicorum,
590 1853 672 1915 quae
701 1837 797 1895 antea
826 1854 866 1895 ex
898 1830 1072 1895 Phaedone
1102 1832 1193 1894 attnh

163 1936 298 2012 (Phaed.
322 1940 361 2000 67
376 1935 412 2019 O,
436 1936 584 2019 dhsslO),
608 1935 663 1998 sed
688 1937 785 1998 etiam
800 1937 907 2017 verba,
937 1928 994 2006 ,τά
1017 1933 1195 2014 λείψανα

160 2039 235 2120 τῆς
259 2034 499 2115 σαρκώδους
520 2031 679 2120 κόλλης(
703 2038 967 2102 Platonioasunt.
1005 2036 1195 2102 sedenim

159 2141 255 2205 Plato
277 2142 383 2206 verbis
407 2139 599 2222 ,λείψανα
621 2141 689 2201 τοῦ
714 2137 910 2218 σώματος
937 2142 1036 2203 utitur
1057 2146 1090 2203 et
1112 2141 1194 2205 821⁴}

162 2264 229 2327 seq.
254 2243 333 2306 haee
350 2244 498 2327 exponit:
522 2241 762 2322 ,παραλαβοῦσα
785 2292 793 2306 .
817 2295 824 2308 .
847 2237 906 2324 τὴν
927 2241 1041 2325 ψυχὴν
1062 2237 1082 2324 ἡ
1103 2241 1194 2322 φιλο-

161 2349 266 2426 σοφία
302 2336 441 2422 ἀτεχνῶς
475 2345 771 2429 διαδεδεμὲνην
807 2341 850 2408 ἐν
878 2350 931 2429 τῷ
958 2341 1196 2424 σωματικαὶ

160 2447 587 2530 προσκεκολλημὲνην
611 2500 617 2514 .
639 2497 645 2511 .
671 2498 678 2512 .
703 2438 786 2510 οὕτω
812 2448 1043 2530 παραλαβοῦσα
1064 2443 1085 2529 ἡ
1104 2448 1193 2530 φιλο·

160 2549 264 2630 σοφία
285 2544 345 2632 τὴν
366 2547 475 2632 ψυχήν
498 2599 505 2615 .
530 2601 537 2616 .
562 2601 568 2616 .
594 2598 601 2613 .
624 2550 738 2613 λύειν
771 2547 938 2632 ἐπιχειρεῖ,
967 2547 1194 2634 ἀνδεικνυμάνη

160 2647 215 2714 ὅτι
238 2645 365 2734 ἀπάτης
379 2651 440 2730 μὲν
455 2648 559 2736 μεστὴ
583 2647 602 2735 η
624 2650 689 2716 διά
711 2654 790 2716 τῶν
813 2644 1008 2733 ὀμμάτων
1031 2657 1193 2737 σκέψις,

160 2746 327 2838 ἀπάτης
356 2754 402 2817 δὲ
431 2748 451 2837 ἡ
481 2752 547 2817 διὰ
575 2753 651 2816 τῶν
682 2751 791 2817 ὤτων
815 2803 822 2819 .
846 2807 853 2822 .
878 2805 886 2819 .
915 2759 1081 2819 πείθουσα
1102 2757 1140 2818 δὲ
1160 2753 1194 2819 ἐκ

160 2854 287 2920 τούτων
318 2858 379 2935 μὲν
412 2849 587 2940 ἀναχωρεῖν
726 2851 825 2940 αάιην
851 2860 888 2921 δὲ
916 2857 962 2927 εἰς
989 2854 1088 2940 αὑτὴν
1124 2861 1195 2933 ξυλ-

163 2961 318 3039 λέχεσθαι
339 2960 390 3022 καὶ
412 2951 626 3040 ἀθροίζεσθαι
649 2960 951 3044 παρακελευομένη]
963 2960 988 3042 ¹)

255 3064 468 3138 Quibuscum
491 3064 596 3127 verbis
620 3064 730 3148 iisque,
753 3086 834 3147 quae
858 3071 952 3128 antea
967 3087 1008 3128 ex
1020 3065 1193 3129 Phaedone

170 3172 225 3246 (67
247 3166 287 3243 O)
320 3167 500 3249 attulimus,
535 3168 650 3249 insigni
679 3167 774 3230 modo
804 3167 1074 3252 conspirantes,
1111 3190 1193 3252 qnae

167 3271 343 3354 Gregorius
366 3269 393 3352 Ι,
419 3273 498 3334 1297
513 3269 579 3332 Aa
603 3270 712 3334 affert:
737 3264 860 3352 ,ἐπειδὴ
883 3268 1067 3350 συμφάεταί
1085 3290 1154 3338 πως
1174 3265 1195 3354 ἡ

160 3368 254 3453 ψυχὴ
289 3366 343 3433 διὰ
382 3372 446 3434 τῶν
486 3369 674 3449 σωματικῶν
713 3369 896 3455 αἰσθήσεων
936 3366 1018 3453 πρὸς
1047 3365 1087 3433 τά
1116 3367 1195 3454 ἡδέα

159 3473 220 3537 τοῦ
241 3467 326 3555 βίον,
349 3475 401 3535 καὶ
416 3474 455 3558 τῇ
475 3465 604 3556 ἀάχροίηι
619 3475 674 3556 τῆς
690 3468 766 3556 άλης
780 3475 800 3535 δ
808 3473 848 3535 ιά
871 3478 946 3536 τῶν
967 3466 1194 3553 ὀφθαλμῶν
1225 3464 1229 3470 ’

160 3575 383 3655 ἐπιτέρπεται,
398 3577 449 3637 καὶ
470 3578 514 3660 τη
537 3568 631 3658 ἀκοῇ
653 3573 738 3656 πρὸς
753 3574 792 3639 τὰ
808 3571 886 3659 ἡδέα
902 3575 964 3638 τῶν
979 3569 1194 3657 ἀκροαμάτων

159 3670 222 3762 τὴν
243 3671 352 3761 ῥοπὴν
374 3676 439 3754 ἔχει
463 3729 470 3743 .
494 3728 500 3742 .
526 3731 532 3745 .
557 3677 611 3739 διὰ
634 3683 729 3740 τοῦτο
752 3666 823 3742 οἷόν
844 3700 907 3741 τινι
928 3670 992 3763 ἥλῳ
1023 3677 1127 3762 πρὸς
1148 3676 1193 3742 od

160 3777 264 3864 ἡδέα
294 3781 362 3843 τοῦ
400 3785 493 3862 βίον
523 3781 568 3866 τῇ
598 3779 826 3866 αἰσθητικῇ
856 3781 1036 3862 δυνάμει
1068 3798 1195 3863 προσ-

159 3883 412 3968 κολλωμένη,
429 3885 708 3952 δυσαποσπάστως
723 3881 789 3961 ἔχει
803 3883 934 3967 τούτων,
950 3873 996 3954 οἷς
1012 3882 1195 3969 συνεφίη

160 3987 540 4070 προσκολληθεῖσα
563 4037 619 4055 ...
643 3978 719 4049 ὅλου
746 3993 1023 4072 συνεπισυρομίνη
1044 3989 1102 4049 τοῦ
1122 3991 1195 4070 βίον

159 4087 202 4152 vd
227 4084 351 4166 ἀχθος.ι

251 4193 376 4257 Eodem
400 4193 495 4255 modo
511 4193 653 4256 Platonis
678 4193 844 4256 sententiis
860 4213 901 4254 ex
916 4193 1090 4258 Phaedone
1106 4216 1196 4279 repe·

258 4332 278 4398 ¹)
298 4327 408 4384 Similia
427 4328 492 4381 Bas.
511 4327 566 4394 ΙΙΙ,
585 4327 669 4382 5810
687 4327 710 4382 9.
731 4358 765 4364 -
784 4326 828 4380 Cf.
846 4327 952 4380 Phaed.
971 4326 1046 4383 650,

986 4414 1025 4467 3*
