3042 5084
550 532 760 596 ,15-

146 702 205 784 ,de
230 702 343 787 spiritu
366 698 508 783 sancto“,
533 701 590 764 sub
613 700 677 764 fine
700 701 797 764 totius
819 707 948 765 exstant
961 700 1065 785 operis
1077 701 1168 764 Basi-

139 805 225 887 lieni,
249 803 334 889 quod
350 811 460 868 contra
474 803 669 867 Eunomium
693 804 888 888 conscripsit,
910 810 1078 888 postquam
1101 808 1166 866 toto

141 908 252 992 quinto
275 907 355 970 libro
379 905 418 969 de
443 907 554 991 spiritu
577 911 686 970 saneto
710 906 907 990 disputatum
937 912 995 970 est.
1041 905 1167 980 Quibus

138 1010 178 1074 de
200 1011 305 1074 causis
327 1009 406 1073 haee
429 1009 527 1073 verba
549 1031 613 1074 non
628 1010 739 1095 Basilii
761 1009 818 1072 sed
833 1015 945 1094 postea
961 1008 1070 1072 addita
1085 1008 1163 1071 mihi

139 1134 209 1177 esse
242 1113 399 1177 videntur.
409 1113 432 1188 ¹)
488 1111 633 1186 Quocum
667 1112 787 1195 optime
826 1110 970 1196 quadrat,
1009 1110 1094 1195 quod
1134 1111 1165 1174 in

141 1215 315 1297 codicibus,
331 1236 372 1278 ex
387 1215 502 1299 quibus
513 1214 707 1278 Basileensis
723 1234 875 1298 expressa
888 1220 938 1277 est
952 1214 1054 1297 prima
1069 1213 1166 1277 editio

138 1340 262 1403 graeca,
286 1319 365 1382 haec
389 1318 561 1402 disputatio
585 1317 748 1381 homiliam
771 1323 952 1401 separatam
975 1317 1082 1380 6116611
1112 1316 1164 1392 (61.

138 1427 246 1486 66661.
269 1422 302 1484 16
325 1441 398 1505 pag.
425 1424 485 1484 767
510 1421 586 1484 Β66.
610 1441 661 1504 66.
685 1420 713 1496 Ι)
739 1426 773 1483 61
794 1421 858 1482 iam
881 1420 951 1482 aliis
982 1419 1022 1483 de
1051 1419 1165 1500 causis,

136 1546 216 1610 quas
238 1524 290 1587 1116
313 1524 471 1605 6611116111,
494 1522 637 1586 nonnulli
660 1523 718 1586 viri
742 1521 827 1585 docti
841 1522 951 1585 Basilii
968 1522 1051 1586 hanc
1065 1521 1165 1586 homi·

136 1627 211 1690 liam
244 1647 315 1690 6666
345 1630 543 1710 negaverunt
574 1626 626 1701 (61.
661 1646 710 1708 ea,
740 1646 822 1710 quae
851 1624 987 1688 Jahnius
1020 1626 1088 1709 ipse
1123 1624 1165 1688 ad

136 1750 208 1814 pag.
232 1733 261 1793 3.
285 1731 440 1805 annotat).
523 1793 527 1802 ,

222 1875 369 1940 Alterum
393 1875 489 1958 igitur
511 1880 734 1958 argumentum
768 1874 848 1938 haec
875 1875 973 1939 verba
1003 1897 1022 1938 a
1043 1873 1163 1938 Basilio

135 2001 199 2043 uon
231 1979 408 2063 conscripta
439 1999 509 2043 6666
538 1979 571 2041 16
601 1998 639 2042 66
672 1978 750 2041 161111
780 1979 884 2042 166666
915 1977 1050 2061 videtur,
1079 1977 1164 2062 quod

135 2083 203 2145 sola
226 2087 404 2164 congruunt
426 2102 498 2144 cum
520 2081 710 2144 Plotinianis
733 2081 849 2146 verbis.

220 2227 393 2291 Praeterea
416 2225 551 2290 Jahnius
574 2226 688 2300 eodem
711 2228 744 2290 in
767 2227 847 2290 libro
877 2228 1029 2290 nonnulla
1051 2227 1163 2290 Basilii

137 2332 235 2395 verba
268 2352 309 2394 ex
342 2331 421 2394 libro
457 2330 495 2394 de
530 2330 643 2415 spiritu
676 2338 786 2394 sancto
826 2331 962 2414 repetita
997 2331 1081 2406 (Vol.
1121 2333 1162 2394 32

137 2435 237 2519 Mign.
262 2433 400 2499 —Bas
424 2455 474 2518 op.
497 2434 555 2517 IV,
578 2456 609 2518 p.
635 2434 734 2500 168Β
757 2437 788 2518 4,
818 2455 886 2518 cap.
907 2433 969 2510 IX)
1000 2439 1164 2517 comparat

133 2559 206 2602 cum
236 2538 355 2601 Plotini
389 2537 581 2622 rationibus;
612 2537 668 2602 sed
698 2558 762 2600 non
800 2537 901 2600 solum
939 2558 1052 2621 parum
1088 2557 1162 2600 con·

132 2647 252 2726 gruunt
282 2641 336 2704 illa
358 2641 470 2704 Basilii
499 2641 597 2706 verba
627 2663 699 2704 cum
723 2641 912 2704 Plotinianis
942 2641 1004 2704 huo
1033 2646 1067 2704 et
1088 2641 1162 2703 illuc

133 2744 266 2827 collatis,
289 2743 347 2808 sed
369 2744 466 2808 etiam
490 2743 575 2828 apud
596 2743 801 2830 philosophos
817 2750 851 2807 61
864 2750 971 2827 patres
987 2743 1162 2828 perusitata

133 2849 231 2911 luisse
254 2848 411 2912 videntur.
457 2848 529 2922 Qua
559 2847 598 2911 de
629 2869 725 2911 causa
754 2848 814 2910 etsi
843 2847 1083 2911 concedendum
1112 2853 1162 2911 est

132 2973 171 3015 ea
194 2950 301 3034 verba,
324 2951 468 3035 quamvis
493 2951 557 3014 6161
579 2971 749 3035 66166666,
766 2951 967 3015 emblematis
982 2951 1015 3013 16
1030 2950 1161 3015 6166616

132 3053 294 3118 6Β661116
318 3055 451 3118 66116616
474 3061 506 3117 61
529 3054 569 3117 ad
592 3059 816 3138 argumentum
839 3053 879 3118 de
908 3054 1021 3138 spiritu
1051 3059 1160 3117 sancto

132 3179 229 3242 quam
253 3156 455 3221 callidissime
479 3157 685 3221 accomodata
708 3178 789 3240 esse,
811 3164 919 3220 tamen
942 3178 983 3221 ex
1004 3157 1043 3220 iis
1065 3177 1160 3220 nemo

132 3261 261 3324 61116616
297 3266 403 3344 661661
431 3260 586 3323 Basiliam
618 3261 736 3323 Plotini
776 3261 827 3324 vel
856 3261 937 3323 alius
974 3260 1160 3344 cuiusquam

131 3361 289 3426 Platonici
314 3363 489 3427 sententias
512 3364 546 3426 in
569 3385 661 3426 usum
686 3385 779 3427 suum
802 3364 1005 3428 convertisse.

220 3618 242 3688 ¹)
260 3616 307 3671 Sic
320 3615 444 3683 Cyrillus
455 3616 665 3670 Alexandrinus
683 3615 781 3669 eodem
794 3616 876 3669 modo
891 3618 1001 3684 (contra
1012 3615 1032 3671 J
1034 3615 1159 3669 ulianum

131 3702 214 3771 VIII,
233 3703 329 3773 Migne
349 3703 404 3758 vol.
424 3703 457 3757 76
476 3722 503 3772 p.
523 3704 573 3757 921
583 3703 614 3756 B.
633 3704 650 3756 6
668 3705 738 3773 seq.)
754 3702 928 3758 Graecorum
945 3721 1077 3774 proceres
1096 3704 1158 3757 loco

130 3791 223 3843 sancti
242 3791 360 3860 spiritus
382 3790 454 3844 dicit
472 3792 585 3844 tertiam
604 3791 748 3845 induxisse
767 3791 898 3859 animam,
916 3809 934 3845 a
952 3809 1008 3862 qua
1025 3791 1159 3845 animalia

129 3883 233 3930 cuncta
251 3877 411 3931 animentur
430 3881 515 3948 atque
533 3877 717 3932 vivificentur
737 3877 819 3948 eique
839 3878 903 3932 illos
922 3879 1015 3932 sancti
1040 3879 1158 3948 spiritus

129 3963 264 4019 tribuisse
283 3963 402 4018 virtutes
429 3969 458 4018 et
483 3965 670 4034 operationes
709 3962 816 4041 ,γράφει
840 3967 927 4036 γοῦν’,
951 3965 996 4018 1116
1022 3965 1158 4034 expositis

129 4051 232 4122 pergit,
259 4047 283 4118 ,ὁ
303 4049 444 4116 ulturno,
469 4047 521 4105 olda
539 4055 597 4129 aspi
626 4050 724 4116 αὐτῆς·
751 4050 924 4122 ἐνθυμείσθω
952 4053 1074 4106 τοίνυν.
1096 4091 1102 4104 .
1122 4092 1128 4104 .
1151 4092 1157 4104 .

128 4142 286 4208 sequuntur
311 4137 408 4191 eadem
434 4137 541 4191 Plotini
565 4138 654 4193 verba
679 4137 834 4209 eodemque
852 4139 936 4193 modo
965 4139 1001 4192 ad
1027 4135 1158 4208 spiritum
1265 4201 1268 4206 ·

128 4230 258 4279 sanetum
276 4224 416 4278 translata
434 4231 520 4296 atque
538 4225 595 4277 ista
613 4225 642 4276 in
661 4225 921 4296 lucubratiuncula,
947 4243 1032 4297 quam
1050 4225 1157 4279 Basilio

128 4313 201 4367 falso
221 4312 389 4366 attributam
407 4331 469 4367 6666
488 4312 618 4384 equidem
632 4318 710 4383 puto.
