3042 5084
727 549 937 611 ..53-

402 719 645 804 Rempublioam
661 716 804 779 Platonis
820 737 839 779 a
854 717 1013 781 Basilio
1029 717 1143 780 lectam
1160 736 1230 778 esso
1246 736 1345 800 appa·

317 830 365 888 ret
402 843 443 886 ex
481 822 580 886 tribus
617 821 705 902 loeis,
740 821 855 904 quibus
893 841 964 884 eam
1002 820 1112 882 laudat
1156 819 1243 895 (Bas,
1280 817 1343 900 HI,

317 925 463 992 atone
500 963 538 970 —
573 924 653 1009 Rep.
679 923 802 1004 361A3
835 924 910 987 Bas.
933 924 995 1006 ΙΙΙ,
1019 925 1162 989 584Β3
1196 929 1229 988 et
1261 923 1353 1006 Rep..

318 1029 438 1111 498B3
472 1028 530 1111 IV,
561 1027 709 1091 236A3
744 1032 777 1090 et
817 1027 898 1110 Rep.
934 1027 1051 1102 4961))
1093 1028 1262 1112 multisque
1302 1047 1345 1090 ex

316 1133 395 1197 aliis·
409 1132 496 1197 loeis.
542 1132 632 1206 Quae
667 1131 775 1194 omnia
807 1131 858 1194 hie
887 1131 1043 1213 omittam,
1077 1153 1150 1195 enm
1173 1132 1275 1196 Shear
1303 1151 1344 1194 ea

316 1237 380 1300 iam
404 1237 424 1300 l.
449 1257 474 1299 e.
499 1235 650 1298 attuleiit.
695 1233 856 1318 Effugisse
879 1240 987 1298 autem
1018 1255 1091 1297 eum
1119 1235 1244 1298 videtur
1272 1255 1343 1318 per·

285 1379 288 1383 -
315 1340 415 1404 multa
440 1361 459 1402 a
480 1337 601 1402 Basilio
625 1359 642 1402 e
663 1336 841 1421 Republica
863 1343 992 1421 propter
1023 1337 1212 1404 affinitatem
1241 1358 1340 1421 quan·

315 1443 390 1506 dam
423 1443 575 1505 librorum
610 1447 742 1504 oonsuta
774 1461 844 1504 esse
878 1441 911 1502 in
945 1461 1091 1504 sermone
1125 1442 1165 1504 de
1198 1440 1341 1523 legendis
1380 1465 1383 1468 ⁴

315 1545 403 1608 libris
437 1544 603 1628 gentilium
640 1543 713 1624 (ΙΙΙ,
737 1543 838 1607 5640
863 1579 885 1588 -
927 1542 1056 1625 589A),
1090 1544 1143 1627 qni
1173 1550 1258 1606 totus
1281 1545 1340 1606 im·

316 1649 420 1732 platus
444 1653 493 1712 est
515 1647 660 1710 Platonis
683 1646 787 1710 verbis
811 1653 906 1730 atque
930 1647 1105 1712 sententiis.

400 1750 573 1814 Videamus
596 1766 690 1831 nuno,
713 1769 795 1833 quae
818 1771 858 1812 ex
882 1750 1024 1813 Platonis

740 1851 909 1916 Timaeo

313 1956 355 2019 ad
376 1957 532 2020 Basilium
555 1963 588 2019 et
609 1962 779 2039 utrumque
803 1957 1059 2039 permanaverint
1083 1958 1281 2042 Gregorium

399 2059 542 2122 Primum
557 2059 588 2122 N
593 2077 773 2143 yssenum
790 2058 873 2121 huno
886 2058 1028 2122 Platonis
1041 2059 1201 2142 dialogum
1213 2060 1340 2143 legisse,

312 2168 348 2226 ut
362 2163 426 2226 iam
449 2168 579 2247 propter
600 2163 735 2246 gratiam
758 2161 882 2225 Timaei
906 2168 1000 2246 atque
1023 2164 1254 2245 auctoritatem,
1277 2184 1341 2247 qua

312 2265 397 2350 apud
408 2271 515 2350 patres
526 2265 670 2348 florebat,
687 2266 857 2329 verisimile
874 2271 931 2348 est,
943 2265 988 2328 ita
1004 2265 1090 2328 ellici
1105 2286 1231 2350 quoque
1242 2287 1338 2351 posse

312 2369 393 2432 mihi
413 2369 539 2433 videtur
560 2390 601 2432 ex
628 2368 696 2433 loeo
726 2368 875 2453 quodam,
905 2389 967 2453 quo
994 2389 1066 2432 eum
1098 2360 1208 2432 eontra
1230 2370 1340 2435 Euno-

312 2474 412 2535 mium
449 2471 493 2536 sio
527 2473 743 2556 disputantem
777 2471 933 2534 audimus.
990 2472 1184 2536 Eunomium
1225 2472 1339 2537 dooere

311 2597 409 2639 unum
443 2596 513 2639 esse
555 2575 650 2639 deum
692 2574 794 2638 solum
828 2576 1088 2659 omnipotentem.
1135 2575 1255 2650 Quodsi
1290 2577 1339 2639 his

311 2678 416 2742 verbis
439 2678 534 2742 deum
557 2684 680 2762 patrem
704 2679 884 2760 signifieare
908 2678 993 2759 velit,
1016 2700 1106 2741 suam
1126 2701 1251 2764 quoque
1267 2701 1338 2743 esse

313 2782 514 2846 sententiam.
561 2779 601 2864 ,εἰ
626 2779 664 2842 δὲ
692 2777 803 2861 άααίςι,
837 2783 950 2866 pergit,
984 2781 1052 2859 ,τὸν
1081 2783 1215 2861 πατέρα,
1245 2777 1341 2844 ἄλλον

312 2879 560 2966 παντακράταρα
581 2883 672 2966 λέγει,
696 2881 735 2946 τὰ
759 2886 823 2946 τῶν
845 2880 1006 2946 Ἰουδαίων
1028 2876 1163 2966 λέγεαῆ
1194 2884 1247 2946 καὶ
1275 2891 1340 2954 τοῖς

314 2981 486 3055 Πλάτωνας
514 2982 627 3049 ἕπεται
654 2983 757 3065 λόγοις
781 3039 788 3053 .
811 2988 863 3049 καὶ
898 2981 957 3065 γὰρ
985 2979 1132 3050 κάκεῖνόν
1166 2969 1246 3069 φασι
1283 2983 1341 3050 τὸν

310 3087 492 3170 φιλόσοφον
506 3088 616 3170 λέγειν,
633 3079 797 3151 aiveinana
811 3082 1025 3169 insudanter
1039 3088 1169 3174 κτίστην
1183 3091 1235 3152 καὶ
1250 3113 1339 3171 παιη-

311 3189 369 3275 αὴν
391 3186 639 3276 ὗποβεβηκὸαων
662 3192 759 3255 τινῶν
781 3194 888 3256 donin!

396 3295 488 3359 Haeo
512 3295 654 3358 Platonis
679 3297 838 3360 sententia
861 3304 966 3362 exstat
988 3298 1020 3360 in
1048 3297 1191 3380 Timaeo,
1222 3299 1339 3382 inquo

310 3419 410 3460 uuum
432 3397 528 3462 deum
551 3399 583 3461 in
606 3399 693 3462 eaelo
716 3405 904 3482 regnantem
927 3421 997 3462 esse
1019 3399 1095 3463 dieit
1110 3399 1204 3464 280:
1234 3421 1339 3483 ,ποιη-

313 3493 368 3581 τὴν
392 3501 443 3562 καὶ
467 3505 590 3581 πατέρα
612 3499 705 3563 τοῦδε
727 3500 784 3563 τοῦ
806 3498 945 3579 aaaron,
956 3504 979 3577 ¹)
1004 3504 1057 3587 qui
1087 3503 1178 3566 deus¹
1196 3511 1228 3568 et
1257 3511 1341 3568 eete-

313 3626 364 3667 ros
388 3606 506 3669 oreavit
535 3605 622 3688 deos,
652 3606 672 3670 i.
697 3627 724 3670 e.
759 3606 864 3669 sidera
895 3607 998 3687 (411),
1030 3606 1104 3671 690
1135 3610 1226 3691 seq).
1270 3607 1341 3671 Etsi

313 3706 461 3790 Gregorii
493 3729 533 3771 ex
566 3708 670 3771 verbis
704 3729 769 3772 non
802 3709 879 3771 satis
913 3716 997 3772 oerte
1031 3731 1185 3794 apparere
1217 3709 1342 3773 videtur

311 3830 384 3873 eum
418 3810 522 3893 ipsum
553 3810 696 3874 Platonis
729 3812 845 3895 legisse
875 3813 1044 3878 Timaeum
1073 3852 1111 3858 --
1144 3813 1221 3876 dieit
1254 3813 1338 3877 enim

311 3914 409 3992 ,onst
431 3950 471 3958 —
495 3919 613 3995 ,tamen
636 3935 677 3978 ex
699 3916 752 3978 illo
775 3915 872 3982 verbo
896 3917 1006 3997 ,αασιξ
1034 3917 1109 4002 quia
1137 3918 1171 3979 in
1198 3917 1340 4000 disputa-

384 4081 405 4148 1)
424 4079 508 4145 Nysa.
528 4079 564 4132 ad
584 4080 653 4135 liaeo
673 4081 801 4136 Platonis
830 4084 918 4137 verba
945 4083 1045 4136 alludit
1075 4083 1114 4151 ΙΙ,
1140 4083 1211 4136 241)
1230 4085 1255 4151 8,
1284 4101 1340 4153 quo

310 4165 372 4220 loeo
392 4165 475 4220 deum
493 4168 633 4221 nominat:
663 4165 788 4236 ,ποιητὴν
812 4173 860 4222 καὶ
885 4170 1006 4245 πατέρα’.
1044 4171 1087 4226 Gr.
1114 4171 1200 4242 Greg.
1220 4172 1289 4226 Naz.
1316 4171 1341 4238 Ι,

311 4252 394 4307 9010
415 4252 446 4312 12
465 4285 497 4293 -
516 4253 592 4324 (pag.
611 4254 664 4323 62).
700 4254 837 4308 Philode
857 4257 978 4326 opiim.
1006 4258 1039 4309 21
1065 4276 1104 4326 p..
1119 4259 1144 4323 a,
1169 4259 1201 4310 13
1227 4256 1339 4328 (Cohn).

318 4339 363 4397 Of.
383 4339 417 4396 A.
437 4340 521 4396 Jahn.
541 4341 627 4395 Meth.
647 4343 716 4412 plat.
735 4342 800 4395 adn.
818 4343 863 4410 693
883 4343 942 4397 728.
