3042 5084
647 471 858 532 ..39-

233 628 333 698 καλά
375 639 537 715 γίνεταί
576 656 619 698 τε
663 637 726 698 καὶ
773 627 1024 716 οὐομοίζεταιί
1065 638 1128 716 (Oi.
1166 640 1265 704 Conv.

234 740 353 824 21103
377 742 505 818 2113).

325 843 389 908 Sed
413 844 638 907 difficillimum
668 850 726 924 est,
757 864 829 905 cum
852 843 993 926 plerique
1017 844 1130 907 obtusa
1151 848 1267 909 mentis

233 948 302 1009 acie
326 946 399 1028 sint,
422 947 523 1030 ipsam
548 967 657 1030 perse
678 944 920 1030 pulchritudinis
940 952 1086 1009 naturam
1107 948 1266 1029 cognitam

233 1049 351 1112 hahere
364 1043 479 1130 (αὐτὴν
494 1045 543 1128 ἐφ’
558 1045 670 1132 ἑαυτης
686 1049 741 1110 τοῦ
754 1046 849 1109 καλοῦ
865 1043 923 1129 τὴν
936 1045 1033 1127 φύσιν
1044 1046 1263 1132 καιονοησαι);

235 1174 311 1215 nam
334 1153 433 1216 animi
457 1174 570 1217 sensus
594 1173 657 1215 non
680 1157 827 1215 accurate
851 1152 883 1214 in
906 1152 965 1215 hoc
988 1155 1198 1237 exercuimus,
1229 1160 1266 1216 ut

234 1256 406 1320 honestum
441 1256 647 1341 pulchrumve
689 1255 729 1318 ab
771 1276 809 1318 ec
844 1255 1139 1340 internosceremus,
1180 1257 1265 1341 quod

235 1381 339 1444 neque
371 1360 540 1424 honestum
570 1380 672 1442 neque
704 1380 781 1420 sono
811 1357 975 1441 pulchrum
1014 1366 1072 1424 ost.
1092 1339 1100 1370 ⁶
1124 1361 1195 1434 Quo
1226 1360 1265 1424 de

234 1485 331 1525 causa
353 1463 395 1525 ad
418 1463 517 1546 ipsius
540 1461 665 1525 honesti
688 1461 903 1525 inventionem
932 1459 989 1540 (εἰς
1010 1457 1068 1543 τὴν
1089 1463 1145 1523 τοῦ
1167 1462 1265 1523 καλοῦ

235 1559 376 1644 εόρεσιν)
400 1566 460 1629 hac
483 1566 534 1629 via
564 1565 717 1630 utendum
748 1573 813 1630 est:
848 1565 966 1630 365A:
1000 1560 1124 1644 ,πάντα
1140 1615 1147 1630 .
1172 1616 1179 1629 .
1203 1559 1266 1626 όσα

236 1665 292 1736 τὰς
331 1663 511 1746 ε’πιθυμίας
551 1669 614 1729 τῶν
648 1658 833 1748 ἀνθρώπινοι
869 1664 1033 1747 ἐφέλκεται
1069 1663 1148 1729 καλὰ
1186 1665 1266 1728 εἶναι

238 1769 431 1850 νομιζόμενα
462 1820 502 1836 ..
527 1821 534 1836 .
564 1771 663 1832 ταυτα
691 1761 1025 1849 ὑπερβαίνοντας
1061 1763 1102 1838 cic
1130 1769 1267 1833 ταπεινά

234 1925 241 1939 .
267 1924 274 1939 .
300 1925 307 1938 .
331 1865 410 1935 ἀλλὰ
432 1865 491 1956 την
513 1866 750 1955 ἐπιθυμητικην
775 1867 863 1956 ἡμῶν
885 1869 1021 1952 δύναμιν
1045 1871 1113 1935 ἐκεῖ
1131 1866 1266 1951 ἀνάγειν,

232 1969 319 2036 ὅπου
342 1966 397 2036 οόκ
420 1971 594 2055 ἐηικνεῐται
620 1969 637 2056 ό,
660 1973 831 2057 αἴσθησις.
875 1977 928 2040 Sic
951 1977 981 2039 in
1013 1977 1092 2060 ipss,
1122 1998 1203 2061 quae
1233 1979 1266 2039 in

235 2080 285 2142 his
313 2079 460 2142 omnibus
484 2085 645 2164 spectatur
668 2079 899 2161 pulchritudine
923 2079 1047 2141 animus
1074 2079 1114 2141 ad
1144 2079 1265 2163 pulchri

234 2182 320 2244 illius
344 2180 552 2265 cupiditatem
576 2180 711 2243 dueatur
733 2187 868 2263 oportet,
895 2181 984 2242 cuius
1009 2181 1142 2262 gloriam
1159 2183 1265 2245 omnis

237 2290 371 2348 narrant
387 2284 574 2368 (persimilia
589 2289 717 2346 exstant
734 2281 795 2365 ΙΙΙ,
812 2287 852 2347 28
861 2283 917 2359 m:
940 2274 1033 2363 ,cliro
1054 2276 1134 2363 γάρ’,
1155 2285 1265 2367 inquit,

232 2377 422 2466 ,ἀνιοῦσα
456 2380 475 2470 ἡ
509 2381 598 2468 ψυχὴ
631 2383 682 2445 καὶ
711 2383 776 2445 πᾶν
803 2380 840 2445 τό
870 2380 1196 2463 καταλαμβανόμενον
1226 2376 1266 2454 uic
1333 2457 1342 2468 .
1411 2399 1417 2408 '

233 2484 429 2572 μικρότερον
470 2487 526 2550 τοῦ
560 2485 755 2571 ζητουμένου
795 2483 1175 2564 καταλιμπάνουσαί
1215 2489 1265 2551 dei

234 2591 504 2676 pulchritudinem
528 2611 701 2674 agnoscere
724 2595 839 2673 potest.
883 2589 990 2652 Homo
1012 2611 1097 2673 vero,
1131 2592 1184 2674 qui
1206 2591 1267 2654 hoe

234 2695 330 2758 modo
341 2695 513 2758 coelestem
525 2693 791 2777 pulchritudinem
802 2715 842 2755 ex
851 2694 1027 2778 propinquo
1036 2695 1268 2778 contemplatur

233 2798 335 2863 3651)
369 2801 404 2861 1:
443 2795 674 2880 ,γενησεται
703 2797 767 2856 καὶ
800 2788 922 2863 αὐτὸς
954 2793 1076 2865 καλός
1109 2801 1152 2881 την
1185 2797 1266 2881 καληῖ

237 2899 469 2982 προσπελάσας
509 2901 559 2962 καὶ
604 2897 638 2961 ἐν
670 2896 755 2981 αὕτη]
794 2895 925 2977 γεγονὼς
965 2899 1115 2981 λαμπρός
1147 2922 1183 2962 τε
1215 2901 1266 2962 καὶ

186 3021 188 3025 ’
232 2994 466 3084 φωτοειδὴς
489 2998 529 3064 ἐν
552 3001 595 3086 τη
616 3001 824 3082 μετουσίᾳ
851 2998 922 3060 τοῦ
951 2992 1155 3084 ἀληθινοῦ
1181 3025 1267 3083 φω-

232 3101 303 3172 τὸς
320 3103 636 3187 καταστήσειαν*
662 3103 1090 3187 (cf.uonv.211B;212A).
1114 3105 1266 3189 Etpaulo

233 3210 318 3272 infra
341 3209 385 3271 sio
408 3209 512 3292 pergit
536 3208 610 3291 (ΙΙΙ,
634 3208 731 3272 3680
749 3210 798 3282 ὀ);
822 3203 864 3286 ,εἰ
884 3207 921 3267 δέ
938 3225 984 3274 τις
1006 3206 1149 3275 τοιοῦτός
1171 3204 1266 3282 ἐστιν,

233 3298 298 3380 οἷος
323 3304 383 3395 ἤδη
406 3309 512 3372 πάντα
534 3309 783 3372 καταλιπεῖν
813 3302 852 3370 τὰ
873 3300 1073 3391 α’νθριόπινιι,
1097 3308 1161 3372 εἴτε
1189 3307 1267 3371 σιό-

231 3436 355 3493 ματα,
380 3411 447 3476 εἴτε
469 3409 621 3496 χρήματα,
646 3409 728 3475 εἴτε
750 3409 796 3473 τὰ
817 3408 860 3473 ἐν
881 3407 1136 3494 ἐπιστήμαις
1159 3406 1179 3496 ἢ
1200 3420 1264 3476 τέ-

231 3537 348 3594 χναις
380 3511 692 3600 ἐπιτηδεύματα
721 3516 833 3593 (Gonu.
865 3516 981 3592 2110)
1016 3567 1023 3582 .
1054 3567 1062 3581 .
1094 3567 1100 3581 .
1130 3514 1266 3599 περὶτὰ

231 3620 366 3683 τοιαῦτα
402 3614 461 3701 γὰρ
502 3613 521 3701 ἡ
563 3614 667 3700 πλάνη
706 3615 764 3700 της
803 3617 859 3678 τοῦ
906 3617 1001 3680 καλοῦ
1038 3617 1268 3702 καιανοήσεως,

232 3720 269 3786 ἐν
295 3713 341 3792 οἷς
364 3717 385 3806 ἡ
407 3719 560 3806 αἴσθησις
580 3720 742 3804 κριτήριον
774 3724 891 3798 γίνεται
921 3771 930 3788 .
963 3773 970 3788 .
1003 3773 1010 3788 .
1040 3776 1047 3789 ,
1079 3718 1096 3784 ό
1125 3725 1268 3792 τοιοῦτος

231 3819 320 3906 πρός
343 3821 446 3888 ἐκεῖνο
469 3822 571 3904 μόνον
593 3821 745 3904 ἐρωτικῶς
773 3844 809 3886 τε
839 3823 891 3886 καὶ
919 3819 1164 3910 ἐπιθυμητικῶς
1193 3822 1267 3908 ἕξει,

231 3923 249 3992 ό
275 3923 342 4006 οὐχ
365 3924 577 4006 ἑτέρωθεν
597 3923 682 4004 ἔχει
704 3925 746 3989 τὸ
764 3920 1136 4012 reincorporatus*
1159 3929 1268 4008 ποτὲ,
1359 3984 1362 3987 .

233 4024 254 4112 ἢ
277 4029 384 4110 πρός
405 4055 442 4093 τι
465 4029 660 4094 τοιοῦτόν
683 4028 815 4108 ἐστιν,
844 4025 942 4094 ἀλλὰ
969 4030 1009 4104 ἐξ
1029 4032 1177 4096 ἑαυτοῦ
1206 4035 1270 4095 καὶ

232 4131 281 4198 δι’
306 4131 451 4196 ἑαυτοῦ
474 4132 598 4196 καλὸν
620 4133 685 4195 καὶ
707 4131 748 4196 ἐν
770 4133 899 4220 ἑαυτῷ
919 4139 1113 4200 τοιοῦτον
1140 4133 1269 4199 καλὸν

233 4235 478 4320 γενόμενον,
511 4229 651 4322 ἢποτὲ
684 4228 753 4299 οόκ
786 4233 1002 4324 ἐσόμενον,
1024 4235 1103 4302 ἀλλὰ
1124 4237 1270 4302 πάντοτε
