3042 5084
774 482 1045 601 -ross

364 705 528 772 Socratem
582 701 810 782 παιδερασιίας
863 727 977 789 purum
1032 726 1096 768 non
1141 707 1239 770 fuisse
1283 707 1390 791 colligi
1509 774 1515 787 ,

363 814 498 896 poterat.

448 911 529 974 Eum
555 916 672 993 autem,
694 911 748 996 qui
764 911 968 974 Charmidem
982 912 1033 975 vel
1048 917 1084 974 ut
1097 912 1235 975 Basilius
1250 913 1387 997 Hippias

363 1013 505 1096 dialogos
529 1015 641 1098 dignos
664 1014 807 1098 putabat,
830 1035 910 1098 quos
931 1014 1061 1097 legeret,
1089 1020 1121 1078 et
1143 1014 1221 1078 alios
1244 1014 1387 1080 Platonis

363 1116 504 1200 dialogos
527 1117 641 1200 legisse
665 1117 835 1181 verisimile
859 1123 918 1199 est,
941 1117 1001 1180 etsi
1024 1122 1110 1180 certa
1128 1139 1237 1180 eorum
1253 1119 1387 1201 vestigia

362 1239 426 1282 non
449 1225 585 1282 exstant.
679 1247 681 1251 ·
1226 1281 1229 1288 ,

341 1350 346 1360 ·
447 1322 554 1385 Unum
592 1322 727 1405 denique
760 1322 902 1386 afferam.
957 1322 1180 1386 Nazianzenus
1221 1324 1386 1406 permultis

360 1425 436 1488 locis
460 1447 500 1489 ex
515 1426 580 1488 vita
595 1424 738 1488 Platonis
755 1425 907 1488 nonnulla
922 1425 1025 1507 affert,
1041 1425 1154 1508 quibus
1170 1447 1244 1489 eum
1259 1426 1385 1489 caville-

358 1536 418 1594 tur.
457 1523 526 1605 (Of.
549 1528 611 1610 ῌΙ,
636 1532 696 1594 703
719 1552 748 1593 v.
772 1531 835 1592 313
859 1551 924 1612 seq:
947 1530 964 1592 l
987 1530 1085 1593 568ss
1108 1532 1163 1612 11;
1186 1529 1212 1611 Ι,
1235 1530 1385 1613 596A33

357 1631 418 1712 HI,
442 1633 501 1696 811
526 1653 555 1694 v.
580 1633 641 1694 306
665 1633 743 1714 seq.)
789 1632 901 1714 Neque
925 1632 1064 1694 Basilius
1094 1652 1196 1715 neque
1219 1630 1385 1715 Nyssenus

357 1733 412 1796 tali
434 1733 528 1796 modo
550 1732 752 1817 philosophos
776 1741 918 1817 carpunt,
947 1733 1168 1796 Nazianzenus
1198 1739 1316 1816 autern,
1348 1741 1385 1797 ut

356 1843 425 1900 erat
447 1837 563 1918 rhetor,
594 1843 626 1900 et
649 1836 717 1900 aliis
748 1836 944 1920 philosophis
975 1837 1142 1918 obtrectat,
1171 1858 1243 1899 cunr
1274 1858 1384 1900 eorum

355 1940 466 2004 irridet
488 1947 559 2004 acta
582 1946 615 2004 et
637 1942 731 2006 facta.

441 2044 596 2108 Attamen
632 2065 696 2107 non
730 2045 832 2108 solum
860 2044 1043 2129 Nyssenum
1072 2044 1290 2133 Basiliumque
1327 2045 1384 2107 sed

356 2147 453 2210 etiam
464 2146 703 2210 Nazianzenum
719 2148 876 2232 permulta
892 2147 1019 2211 Platoni
1035 2147 1151 2211 debere
1167 2148 1382 2231 exposuimus.

355 2250 450 2314 Nulla
474 2255 584 2314 contra
606 2247 698 2314 nobis
724 2251 793 2314 visa
822 2257 897 2314 sunt
926 2255 1072 2335 (excepto
1101 2272 1165 2313 uno
1187 2251 1381 2314 Nazianzeni

354 2353 423 2419 loeo
457 2354 497 2418 cf.
527 2374 558 2436 p.
593 2355 655 2434 11),
693 2374 776 2436 quac
814 2353 855 2416 ad
888 2353 974 2437 ipsos
1014 2353 1154 2417 redirent
1185 2353 1380 2435 Platonicos,

354 2476 487 2540 quorum
509 2477 549 2520 ne
572 2456 737 2519 nominum
759 2455 889 2540 quidem
905 2456 1100 2519 mentionem
1116 2456 1244 2520 habent.
1290 2457 1381 2529 Quae

354 2580 404 2624 res
426 2579 490 2622 non
513 2559 644 2623 fortuito
668 2561 753 2624 iacta
777 2582 847 2624 esse
871 2567 985 2645 potest,
1009 2559 1065 2624 sed
1088 2558 1288 2624 contendisse
1304 2560 1381 2623 mihi

354 2661 501 2726 videntur
530 2663 670 2746 episcopi
699 2663 754 2745 illi,
786 2684 825 2726 ne
856 2663 1094 2726 Platonicorum
1130 2663 1382 2726 adversariorum

353 2771 517 2828 uterentur
540 2765 724 2831 rationibus.
771 2765 835 2830 Sed
859 2788 931 2829 cum
960 2766 1030 2830 fieri
1062 2787 1127 2830 non
1155 2773 1272 2850 posset,
1303 2767 1380 2848 quin

354 2867 540 2950 cuiusquam
568 2853 751 2952 philosophi
776 2869 914 2932 rationes
944 2869 976 2930 in
1014 2869 1172 2952 dogmatis
1207 2867 1379 2951 probandis

354 2976 570 3053 sequerentur,
593 2971 737 3034 Platonis
760 2972 934 3035 utebantur
955 2971 1130 3053 sententiis,
1154 2972 1229 3054 quia
1250 2969 1381 3034 minime
1434 2974 1437 2978 ’

352 3071 566 3135 abhorrebant
588 3095 607 3136 a
624 3073 877 3137 Christianorum
893 3073 1054 3138 doctrinis.
1089 3074 1258 3137 Platonem
1273 3078 1381 3136 autem

353 3195 390 3238 eo
413 3177 514 3258 magis
538 3177 762 3260 sequebantur,
786 3176 871 3260 quod
893 3177 989 3240 etiarn
1005 3176 1058 3240 alii
1074 3177 1128 3260 qui
1144 3182 1239 3239 antea
1254 3176 1381 3239 fuerant

352 3284 457 3362 patres
480 3278 574 3341 huius
597 3280 735 3344 rationes
759 3302 831 3343 cum
855 3281 919 3343 suis
943 3281 1174 3343 coniunxerant
1203 3279 1380 3361 sententiis,

352 3402 410 3444 nec
432 3382 547 3464 minus,
571 3382 656 3466 quod
679 3383 739 3467 ipsi
762 3384 920 3446 Platonici
950 3405 1023 3447 eum
1053 3384 1153 3447 secuti
1182 3388 1283 3446 erant.
1328 3382 1380 3446 Sic

352 3483 437 3546 enirn
460 3505 579 3568 magna
601 3491 691 3569 parte
715 3485 888 3549 earundem
912 3487 1072 3548 rationum
1095 3491 1192 3569 atque
1207 3485 1381 3555 adversarii

349 3593 475 3652 utentes
498 3587 649 3672 dogmata
672 3611 730 3653 sua
752 3589 886 3674 probare
910 3594 1082 3673 potuerunt
1097 3590 1273 3672 sententiis,
1296 3611 1375 3674 quas

349 3688 393 3752 illi
417 3691 477 3775 ipsi
500 3694 795 3776 comprobaverant.
1241 3691 1244 3695 ⁷

434 3793 498 3858 Sed
520 3795 553 3857 in
576 3796 652 3879 ipsis
675 3818 801 3881 quoque
823 3798 1061 3863 Platonicorum
1084 3797 1258 3881 disciplinis
1282 3804 1378 3882 atque

348 3899 514 3962 sententiis
537 3899 641 3964 inesse
664 3899 800 3982 ridetur,
830 3922 885 3965 our
906 3902 947 3965 ab
976 3901 1133 3986 episcopis
1157 3901 1275 3964 omissa
1307 3901 1379 3963 sint.

348 4000 506 4065 Platonici
536 4001 621 4066 enim
650 4003 771 4072 nullam
801 4010 924 4088 partem
950 4004 1170 4090 philosophiae
1202 4009 1375 4088 exponunt,

347 4105 409 4168 nisi
431 4125 512 4189 eam,
536 4127 617 4191 quae
640 4114 689 4172 est
711 4107 750 4171 de
779 4109 873 4173 rebus
903 4108 1017 4172 divinis
1046 4109 1157 4192 iisque,
1188 4129 1269 4192 quae
1307 4127 1379 4170 sen-

348 4209 435 4273 sibus
458 4230 522 4272 non
544 4211 771 4296 percipiuntur.
816 4211 885 4275 Eae
909 4219 1016 4276 autem
1040 4212 1211 4294 doctrinae,
1227 4233 1309 4295 quae
1333 4211 1390 4289 de¹

351 4333 458 4379 rerum
481 4320 605 4396 natura
630 4314 669 4378 de
693 4315 909 4399 psychologia,
940 4315 979 4379 de
1009 4315 1175 4380 dialectica
1206 4322 1239 4378 et
1267 4316 1380 4378 morali
