3042 5084
580 542 790 606 „49-

171 713 247 776 tima
280 711 489 796 Reipublicae
528 711 625 776 verba
658 712 690 774 in
724 733 817 776 usum
860 732 954 774 suum
989 711 1193 776 convertisse.

139 857 142 864 ·
170 815 270 878 Paulo
296 821 370 878 ante
392 813 475 877 hanc
490 813 626 896 Alcinoi,
650 814 703 897 qui
729 814 853 896 revixit,
876 815 1051 878 orationem
1067 820 1195 878 exstant

167 919 265 989 verba
287 918 351 1000 illa,
374 917 489 1002 quibus
513 917 636 981 virtutis
665 917 736 980 linis
767 917 925 999 statuitur,
958 923 995 980 ut
1027 918 1098 1002 quis
1132 916 1193 980 deo

167 1021 226 1104 ipsi
249 1021 457 1085 assimiletur:
482 1021 562 1105 Rep.
579 1020 698 1084 61313:
730 1011 776 1096 ‚ori
799 1015 839 1096 δὴ
861 1011 927 1082 luo
950 1039 985 1098 γε
1006 1016 1092 1082 θεάν
1112 1017 1195 1082 ποτὲ

166 1117 340 1203 ἀμελεῖται,
367 1117 405 1191 ὃς
426 1114 468 1185 ἄν
490 1123 738 1204 προθυμεῖσθαι
759 1117 860 1207 ἒθέλη
881 1123 1001 1191 δίκαιος
1028 1124 1193 1200 γίγνεσθαι

164 1225 216 1286 καὶ
245 1220 445 1308 ἐπιτηδεύων
478 1216 626 1307 ἀρετὴν
658 1222 704 1294 είς
737 1217 816 1287 ὅσον
852 1217 992 1287 δυνατάν
1024 1217 1190 1308 ἀνθρώπῳ

165 1320 420 1406 ὁμοιοῦσθαι
450 1327 543 1412 θεῷ(
579 1332 631 1406 (ol.
666 1330 763 1392 etiam
796 1329 877 1414 ch.
912 1330 952 1413 V,
975 1329 1100 1414 47203
1133 1329 1192 1411 VI,

164 1434 226 1496 484
240 1431 338 1511 OlD).
386 1428 559 1515 Gregorius
582 1453 678 1518 saepe
701 1432 815 1496 eodem
838 1433 933 1496 modo
955 1434 1052 1498 finem
1067 1434 1192 1498 virtutis

164 1536 284 1617 statuit,
307 1542 343 1599 ut
364 1536 390 1617 Ι,
417 1537 536 1600 120(Ιο
560 1543 596 1601 t:
629 1535 730 1618 ,τέλος
757 1536 817 1598 τοῦ
843 1536 910 1598 κατ’
941 1525 1092 1620 άρετὴν
1119 1539 1191 1617 βίον

163 1631 251 1698 ἐστὶν
282 1631 302 1719 ἡ
336 1629 422 1718 πρὸς
453 1635 499 1698 τό
534 1641 657 1700 θεῖον
693 1631 909 1723 apotome,
942 1638 1004 1722 ΠΙ,
1032 1640 1115 1704 sal)
1140 1675 1192 1705 -.
1248 1696 1253 1706 .

162 1739 335 1804 Platonicis
358 1761 483 1825 quoque
506 1742 623 1804 usitata
645 1743 707 1804 ista
737 1741 798 1805 luit
826 1742 1002 1806 sententia:
1034 1743 1074 1807 cl.
1097 1741 1190 1806 Philo

161 1841 218 1924 IV,
242 1844 315 1925 285,
334 1833 379 1905 13'
395 1849 428 1907 et
450 1843 676 1908 al..Plotinus
699 1843 726 1925 Ι,
742 1846 822 1926 2,1;
846 1844 1075 1928 3seq.-(cl.
1092 1843 1189 1925 Jahn,

161 1944 259 2011 Meth.
276 1947 351 2030 plat.
368 1945 441 2010 adn.
458 1949 524 2023 84).
542 1981 580 1990 -—
596 1946 819 2010 Nazianzenus
835 1952 960 2010 tantum
979 1945 1072 2010 dicit:
1097 1961 1186 2021 ,συν-

164 2043 331 2110 άπτεσθαι
352 2045 431 2131 θεῷ(
457 2050 509 2124 (cl.
534 2049 705 2132 Gottwald,
728 2050 748 2113 l.
766 2071 792 2113 c.
816 2069 888 2133 pag.
906 2051 972 2130 45),
995 2048 1052 2112 sed
1075 2050 1130 2130 ita,
1151 2055 1188 2112 ut

159 2151 191 2213 in
214 2151 276 2214 illis
300 2151 404 2216 verbis
436 2174 454 2215 a
477 2152 650 2214 Platonicis
680 2152 836 2236 imprimis
865 2153 990 2215 usitatis
1020 2172 1093 2215 mea
1120 2151 1190 2235 qui·

159 2252 232 2316 dem
256 2254 541 2338 sententia'magis
564 2254 605 2317 ad
628 2255 732 2338 ipsum
755 2254 923 2318 Platonem
951 2253 1062 2319 redeat
1090 2274 1186 2338 quam

159 2345 199 2419 arl
231 2359 424 2422 sententiam
454 2359 627 2441 vulgarem.
672 2356 822 2441 Exempli
850 2358 953 2440 gratia
974 2357 1036 2441 HI,
1061 2359 1134 2440 685,
1156 2379 1186 2421 v.

161 2462 201 2523 64
226 2481 292 2545 seq.
316 2462 456 2525 animam
479 2462 597 2527 debere
620 2461 713 2526 dicit:

282 2557 359 2645 ,ἅνω
381 2567 542 2646 φέρεσθαι
564 2565 615 2626 καὶ
637 2558 922 2626 συνάπτεσθαι
943 2566 1039 2647 θεῷ,

280 2656 334 2728 άεί
351 2685 387 2728 τε
408 2660 514 2750 πάντη
536 2661 637 2746 πρὸς
657 2658 702 2728 τά
727 2666 923 2744 συγγενὲς
944 2665 1137 2746 βλέπειν.

158 2752 356 2843 Quibuscum
378 2771 523 2834 conteras
539 2770 633 2834 velim
650 2768 798 2853 Rempbl.
815 2770 918 2833 49οΒ
939 2819 971 2834 ..
989 2819 998 2835 .
1021 2753 1056 2852 ,ᾧ
1077 2784 1187 2851 προσ-

157 2868 225 2953 ήκει
247 2871 377 2953 ψυχῆς
406 2866 675 2952 ἐφάπτεσθαι
697 2868 753 2932 τοῦ
775 2865 930 2935 τοιούτου.
973 2867 1129 2954 προσῆκει
1150 2872 1187 2934 δὲ

158 2979 357 3054 συγγενεῖ.
402 2959 428 3058 ᾧ
450 2973 631 3058 πλησιάσας
652 2975 705 3037 καί
725 2975 823 3053 μιγεὶς
845 2975 890 3056 τῷ
915 2969 985 3037 ὄντι
1008 2970 1110 3044 ὄντως
1126 3025 1133 3039 .
1152 3025 1184 3040 ..

156 3077 297 3162 γνοίητε
317 3079 368 3140 καὶ
391 3071 521 3160 άληθῶς
542 3075 615 3162 ζώῃ(
641 3115 670 3122 -
695 3078 846 3143 Ceterum
861 3079 902 3144 de
918 3079 967 3142 his
982 3080 1048 3144 iam
1064 3079 1185 3143 dudum

155 3181 330 3267 disputavit
352 3183 393 3248 A.
417 3183 512 3267 Jahn,
536 3184 610 3248 Bas.
634 3184 709 3267 plot.
735 3185 779 3267 (p.
805 3185 843 3247 18
866 3188 899 3246 et
921 3185 986 3260 22.)
1220 3175 1223 3179 ’

244 3286 309 3350 sed
331 3307 511 3371 pergamus.
550 3286 631 3350 Ounr
655 3286 716 3349 alio
739 3285 888 3370 Reipubl.
917 3287 986 3350 loco
1009 3285 1089 3350 hacc
1111 3307 1185 3350 con·

156 3387 292 3452 ferenda
315 3395 389 3453 sunt
403 3389 541 3474 Nysseni
564 3389 678 3453 verba:
702 3388 763 3471 ΙΙΙ,
789 3388 894 3452 708Α
917 3395 936 3452 o
960 3390 1020 3453 ait:
1044 3391 1089 3465 ,τί
1109 3389 1185 3467 περὶ

153 3485 192 3552 τὰ
218 3489 331 3561 σκεῦος
353 3493 408 3575 τῆς
431 3487 583 3575 ἀληθείας
597 3486 813 3568 ἀπασχολεῐς.
840 3543 847 3557 .
872 3510 897 3569 .;
920 3479 1009 3553 οἷόν
1029 3513 1068 3554 τι
1090 3512 1185 3553 ποι-

155 3591 273 3657 οὖσιν
313 3592 349 3658 οἱ
385 3595 503 3664 κύνες
538 3589 630 3664 τούς
665 3593 826 3672 λίθους,
860 3580 921 3663 οἷς
952 3590 1185 3676 βάλλονται,

154 3700 485 3777 περιχαίνονττς,
508 3699 577 3759 τοῦ
601 3697 828 3778 βάλλοντος
850 3687 1183 3777 οάχάπτάμενοιέ

153 3800 264 3884 Atque
288 3801 320 3863 in
337 3800 576 3885 Platonis-Rep.
593 3801 767 3886 persimilia
790 3800 869 3863 hacc
892 3806 1037 3866 exstant:
1060 3802 1183 3866 caton:

153 3892 379 3981 ,ἀνελεύθερον
401 3903 439 3966 δὲ
461 3896 498 3965 οὗ
520 3905 610 3968 δοκεῖ
627 3902 679 3966 καὶ
699 3898 940 3986 φιλοχρήματον
956 3898 1070 3985 νεκράν
1086 3904 1185 3968 συλᾶν

153 4052 160 4067 .
189 4056 195 4069 .
220 4027 227 4085 ;
262 3997 282 4088 ἢ
311 4003 370 4068 οἴει
403 4030 435 4069 τι
468 4003 627 4090 διάφορον
659 4008 741 4088 δρᾶν
774 4001 849 4076 τούς
880 4007 977 4070 τοῦτο
1010 4009 1186 4086 ποιοῦντας

151 4108 232 4169 τῶν
259 4107 407 4188 κυνῶν,
437 4105 480 4170 αἳ
506 4116 592 4180 τοῖς
614 4110 767 4191 λίθοις,
798 4098 858 4179 οἷς
887 4102 937 4172 ἂν
968 4109 1185 4194 βληθῶσιν

149 4209 471 4293 χαλεπαίνουσι,
500 4210 569 4274 τοῦ
590 4210 812 4293 βάλλοντος
834 4208 904 4288 οὐχ
926 4208 1184 4298 ἁπτόμενοί,

149 4311 275 4378 Eadem
306 4315 512 4378 similitudine
543 4335 584 4380 ex
607 4315 750 4378 Platonis
772 4314 854 4400 Rep.
882 4317 1020 4400 repetita
1042 4317 1181 4382 Basilius

990 4416 1008 4468 4
