3042 5084
524 534 714 597 ..3-

191 700 316 764 Eodem
338 701 434 764 modo
457 708 489 766 et
503 702 642 767 Basilius
663 710 696 767 et
713 704 885 787 Gregorius
899 704 1131 788 Nazianzenus,

106 825 300 888 quamquam
316 805 394 868 alios
410 805 614 890 philosophos
631 807 817 891 saepissime
829 809 996 873 nominant
1007 829 1132 893 eorum·

105 928 168 991 qne
200 908 374 971 rationibus
404 909 564 972 interdum
594 916 735 993 utuntur,
765 932 806 974 ne
835 910 973 975 nominis
1002 911 1132 996 quidem

104 1010 224 1074 Plotini
253 1011 448 1075 mentionem
478 1013 609 1098 faciunt,
639 1020 672 1077 et
701 1015 787 1078 solus
816 1014 1038 1079 Nazianzenus
1068 1036 1132 1079 nno

104 1116 173 1178 loco
206 1115 278 1191 (vol.
302 1117 360 1198 353
384 1151 423 1158 —
447 1115 474 1199 I,
488 1117 598 1192 71713)
630 1116 800 1202 Porphyrii
841 1116 958 1182 nomen
993 1140 1131 1182 comme·

106 1224 220 1300 morat,
244 1218 294 1282 vel
316 1219 421 1302 potius
445 1220 512 1283 eius
535 1219 715 1304 quindecim
739 1219 892 1284 adversus
916 1221 1129 1286 Christianam

105 1321 282 1385 doctrinam
305 1322 401 1385 libros
424 1328 459 1385 ut
482 1322 655 1387 mendaciis
679 1329 712 1386 et
733 1323 862 1407 ineptiis
885 1325 1006 1408 plenos.

190 1422 415 1507 Compluribus
444 1424 521 1488 locis
543 1425 766 1489 Nazianzenus
797 1447 908 1490 omnes
938 1426 1005 1491 fere
1033 1427 1131 1492 Grae·

103 1545 212 1588 corum
240 1525 445 1610 philosophos
470 1533 645 1609 enumerat,
667 1528 850 1592 Platonicos
873 1535 981 1592 antem
1005 1530 1130 1595 omittit.

105 1628 159 1692 Sic
181 1628 208 1710 I,
223 1628 318 1693 78οΒ
342 1649 407 1712 seq.
430 1628 471 1692 de
494 1628 645 1692 Caesario
669 1631 767 1692 fratro
796 1636 922 1694 mortuo
953 1652 1026 1695 suos
1057 1652 1131 1695 oon·

103 1731 209 1794 solans
237 1726 293 1814 ,μὴ
315 1731 512 1809 πενθῶμευ,
535 1732 647 1817 inquit,
749 1730 934 1814 ,σκοπῶμεν
963 1732 1000 1796 δὲ
1030 1726 1130 1805 οὕτως

104 1885 111 1898 .
137 1885 144 1898 .
169 1885 177 1899 .
207 1825 246 1921 orl¹
282 1830 494 1916 φιλοσοιγιησει
526 1835 720 1913 (Caesarius)
750 1830 789 1898 τὰ
823 1830 1053 1919 Ἱπποκράτους
1080 1836 1133 1898 καὶ

102 1941 133 1999 Γ
130 1935 246 2021 αληνοῦ
268 1936 320 1998 καί
341 1938 405 1999 τῶν
428 1931 604 2002 ἀντιθέτων
626 1933 776 2019 instram
799 1931 866 2002 ἀλλ’
891 1931 969 2004 dode
991 1961 1131 2004 κακοπα-

100 2038 199 2123 δὴσει
236 2036 354 2109 νόσοις.
400 2091 438 2106 ..
463 2091 470 2107 .
499 2034 558 2103 dvx
595 2033 758 2114 ἀποδείξει
797 2040 836 2105 τὰ
869 2035 1043 2107 Εὐκλείδου
1076 2043 1130 2105 καὶ

102 2143 305 2222 Πτολεμαίου
325 2143 378 2205 καὶ
391 2136 557 2224 Ἥρωυος;
588 2136 654 2208 ἀλλ’
683 2139 756 2208 οὐδὲ
786 2139 915 2230 ἀλγησει
943 2152 1007 2217 τοῖς
1035 2137 1127 2209 ἀποι-

101 2243 228 2316 δεάτοις
257 2248 385 2327 ιγυσοῖσι
412 2245 551 2327 μείζονα.
606 2241 653 2312 ot
681 2249 928 2313 καλλωποιεῑται
958 2257 1022 2322 τοῖς
1043 2247 1127 2333 Πλά

100 2371 199 2420 τωυος
227 2351 277 2413 καὶ
298 2346 540 2434 Ἀριστοτέλους
568 2351 620 2415 καὶ
643 2346 818 2436 Πύρρωνος
846 2354 898 2417 καὶ
920 2358 1129 2437 Δημοκρίτοις

100 2452 140 2536 δή
163 2471 227 2517 τισι
249 2454 301 2516 καὶ
322 2449 535 2533 Ἡρακλείτοις
557 2454 609 2516 καλ
634 2453 864 2536 Ἀναξαγόραις,
887 2452 1072 2526 Κλεάνθαις
1093 2476 1129 2519 τε

103 2557 153 2619 καὶ
175 2551 384 2638 Ἐπικούροις,
410 2556 462 2619 καί
489 2553 544 2620 οὐκ
567 2550 624 2621 οἶδ’
645 2548 762 2623 οἷστισι
784 2560 848 2621 τῶν
871 2555 983 2643 ἕκτης
1013 2561 1129 2643 σεμνῆς

101 2659 204 2729 Στοᾶς
235 2662 286 2723 καὶ
318 2653 525 2745 Ἀκαδημίας;
556 2656 624 2725 ἀλλ’
646 2656 722 2726 οὐδὲ
749 2664 914 2747 ηεροντίσει
942 2657 1030 2733 ὅπως
1058 2664 1126 2726 δια-

59 2803 61 2806 -
101 2761 183 2849 λύσῃ
205 2761 327 2828 τούτων
348 2757 405 2836 τάς
427 2762 653 2850 πιθανότητας.

186 2871 311 2934 Horum
333 2870 431 2954 igitur
451 2871 589 2934 virorum
619 2872 770 2937 doctrinis
794 2873 963 2938 Caesarius
985 2874 1126 2937 Alexan-

101 2973 200 3057 driae,
223 2995 286 3058 qua
307 2974 341 3037 in
363 2975 441 3040 urbe
464 2975 709 3040 mathematicae
732 2977 872 3041 maxime
895 2984 928 3041 et
949 2976 1125 3041 medicinae

101 3079 162 3142 arti
186 3078 336 3142 studebat
359 3079 468 3163 (Greg.
491 3080 569 3144 Naz.
593 3079 619 3161 Ι,
637 3083 695 3144 761
721 3083 812 3164 seq.),
841 3102 970 3165 operam
1000 3079 1126 3144 dedisse

99 3180 235 3246 videtur.
279 3181 344 3246 Sed
366 3181 398 3245 in
425 3183 683 3267 philosophorum
705 3183 758 3267 qui
789 3183 965 3247 afferuntur
993 3204 1125 3247 numero

99 3284 257 3348 Platonici
280 3305 344 3348 non
367 3292 450 3368 sunt,
473 3307 576 3369 neque
605 3307 647 3349 ex
675 3285 795 3350 verbis:
825 3275 891 3355 ,οάκ
920 3277 979 3348 οἷδ’
1007 3270 1127 3346 οἷστισι

98 3386 164 3448 τῶν
180 3437 186 3451 .
204 3437 210 3451 .
228 3437 260 3451 ..
284 3382 319 3448 ἐκ
340 3384 394 3469 τῆς
417 3379 618 3468 Ἀκαδημίας
640 3387 808 3472 quicquam
830 3388 918 3452 ellici
939 3395 1052 3473 potest.

184 3491 326 3555 Eosdem
349 3492 490 3576 aliosque
513 3492 716 3576 philosophos
744 3492 771 3575 Ι,
784 3494 846 3557 596
862 3514 927 3576 seq.
943 3498 976 3556 et
990 3491 1035 3574 Π,
1047 3491 1124 3554 24Β

98 3601 275 3659 enumerat.
298 3595 325 3678 I,
338 3595 439 3660 568A
466 3598 504 3659 10
520 3596 618 3658 iratus
635 3595 809 3659 exclamat:
832 3592 942 3677 ,ταῦτα
955 3589 1127 3662 Πλάτυνες

98 3687 199 3759 αὐτὸν
212 3697 246 3775 (J
247 3699 401 3776 ulianum)
414 3696 466 3760 καί
477 3696 667 3780 Χρύσιππον
680 3698 731 3762 καί
748 3692 928 3778 ἀλαμπρὸς
937 3701 1127 3778 Περίπατος

96 3801 150 3862 καὶ
171 3795 191 3884 ἡ
216 3797 317 3885 σεμνὴ
340 3798 428 3865 Στοὰ
455 3801 507 3864 καὶ
538 3799 568 3864 οἱ
596 3795 634 3864 τοὶ
662 3799 775 3884 κομψὰ
801 3800 1038 3882 λαρυγγιζοντες
1061 3796 1125 3875 ἒξε-

96 3905 285 3970 παίδευσαν.
304 3925 314 3942 ·
330 3904 431 3967 ταῦτα
455 3899 474 3988 ἡ
496 3903 551 3988 τῆς
574 3903 765 3985 γεωμετρίας
791 3901 901 3988 ἰσότης
930 3905 992 3982 (his
1020 3905 1125 3969 verbis

97 4009 267 4074 manifeste
296 4009 425 4094 respicit
462 4009 634 4092 Gregorius
672 4009 714 4072 ad
750 4009 833 4073 Plat.
872 4009 969 4092 Gorg.
1007 4007 1124 4074 508A:

97 4105 116 4193 ᾗ
140 4104 293 4194 ι’σὸτηςὴ
320 4106 525 4193 γεωμετρικῇ)
555 4110 607 4172 καὶ
638 4109 667 4173 οἱ
697 4110 773 4193 περὶ
802 4109 1007 4194 δικαιοσύνης
1036 4107 1125 4190 λόγοι

97 4216 189 4298 (quos
212 4214 359 4278 Socrates
381 4205 417 4278 in
439 4214 558 4298 Gorgia
579 4214 678 4279 habet
707 4235 780 4278 cum
802 4215 881 4278 Polo
912 4219 945 4279 et
967 4214 1123 4295 Callicle),

95 4316 148 4378 καὶ
176 4313 212 4379 τὸ
241 4315 355 4400 χρῆναι
383 4309 567 4380 ἀδικεῖσθαι
597 4316 719 4397 μᾶλλον
748 4314 913 4397 αἱρεῖσθαι
947 4306 967 4399 ἢ
1001 4309 1124 4379 ἀδικεῖν

919 4419 951 4473 1*
