<?xml version="1.0" encoding="UTF-8"?>
<!DOCTYPE html PUBLIC "-//W3C//DTD XHTML 1.0 Transitional//EN"
    "http://www.w3.org/TR/xhtml1/DTD/xhtml1-transitional.dtd">
<html xmlns="http://www.w3.org/1999/xhtml" xml:lang="en" lang="en">
 <head>
  <title>
</title>
<meta http-equiv="Content-Type" content="text/html;charset=utf-8" />
  <meta name='ocr-system' content='tesseract 3.04.00' />
  <meta name='ocr-capabilities' content='ocr_page ocr_carea ocr_par ocr_line ocrx_word'/>
</head>
<body>
  <div class='ocr_page' id='page_1' title='image "./debasiliogregor00grongoog_0018.png"; bbox 0 0 3042 5084; ppageno 0'>
   <div class='ocr_carea' id='block_1_1' title="bbox 772 503 982 564">
    <p class='ocr_par' dir='ltr' id='par_1_1' title="bbox 772 503 982 564">
     <span class='ocr_line' id='line_1_1' title="bbox 772 503 982 564; baseline -0.019 -16"><span class='ocrx_word' id='word_1_1' title='bbox 772 503 982 564; x_wconf 77' lang='lat'>..12-</span> 
     </span>
    </p>
   </div>
   <div class='ocr_carea' id='block_1_2' title="bbox 294 669 1476 3746">
    <p class='ocr_par' dir='ltr' id='par_1_2' title="bbox 294 669 1397 1064">
     <span class='ocr_line' id='line_1_2' title="bbox 362 669 1397 756; baseline -0.002 -20"><span class='ocrx_word' id='word_1_2' title='bbox 362 693 490 736; x_wconf 90' lang='lat' dir='ltr'>omnem</span> <span class='ocrx_word' id='word_1_3' title='bbox 513 673 684 736; x_wconf 87' lang='lat' dir='ltr'>essentiam</span> <span class='ocrx_word' id='word_1_4' title='bbox 708 692 858 756; x_wconf 88' lang='lat' dir='ltr'>superare</span> <span class='ocrx_word' id='word_1_5' title='bbox 887 671 932 734; x_wconf 92' lang='lat' dir='ltr'>illi</span> <span class='ocrx_word' id='word_1_6' title='bbox 962 676 1084 755; x_wconf 89' lang='lat' dir='ltr'>putant.</span> <span class='ocrx_word' id='word_1_7' title='bbox 1129 669 1235 745; x_wconf 85' lang='lat' dir='ltr'>Quam</span> <span class='ocrx_word' id='word_1_8' title='bbox 1258 678 1397 736; x_wconf 89' lang='lat' dir='ltr'>senten·</span> 
     </span>
     <span class='ocr_line' id='line_1_3' title="bbox 363 773 1395 857; baseline -0.003 -18"><span class='ocrx_word' id='word_1_9' title='bbox 363 777 440 839; x_wconf 90' lang='lat' dir='ltr'>tiam</span> <span class='ocrx_word' id='word_1_10' title='bbox 468 774 542 838; x_wconf 92' lang='lat' dir='ltr'>inde</span> <span class='ocrx_word' id='word_1_11' title='bbox 573 795 592 836; x_wconf 91' lang='grc'>9</span> <span class='ocrx_word' id='word_1_12' title='bbox 623 774 757 838; x_wconf 89' lang='lat' dir='ltr'>Platone</span> <span class='ocrx_word' id='word_1_13' title='bbox 789 773 883 857; x_wconf 90' lang='lat' dir='ltr'>(ch.</span> <span class='ocrx_word' id='word_1_14' title='bbox 906 775 969 838; x_wconf 77' lang='lat'>509</span> <span class='ocrx_word' id='word_1_15' title='bbox 979 773 1021 848; x_wconf 83' lang='lat' dir='ltr'>B)</span> <span class='ocrx_word' id='word_1_16' title='bbox 1052 779 1259 857; x_wconf 73' lang='lat' dir='ltr'>pervagatam</span> <span class='ocrx_word' id='word_1_17' title='bbox 1287 774 1395 836; x_wconf 86' lang='grc'><strong>191999</strong></span> 
     </span>
     <span class='ocr_line' id='line_1_4' title="bbox 362 875 1395 943; baseline -0.003 -1"><span class='ocrx_word' id='word_1_18' title='bbox 362 879 455 943; x_wconf 88' lang='grc'><strong>(19991</strong></span> <span class='ocrx_word' id='word_1_19' title='bbox 477 877 612 942; x_wconf 87' lang='lat' dir='ltr'>Jahnius</span> <span class='ocrx_word' id='word_1_20' title='bbox 635 877 668 940; x_wconf 90' lang='lat' dir='ltr'>in</span> <span class='ocrx_word' id='word_1_21' title='bbox 692 897 766 943; x_wconf 88' lang='lat' dir='ltr'>ann.</span> <span class='ocrx_word' id='word_1_22' title='bbox 789 877 830 940; x_wconf 92' lang='lat' dir='ltr'>ad</span> <span class='ocrx_word' id='word_1_23' title='bbox 852 876 957 940; x_wconf 74' lang='lat' dir='ltr'>liliam</span> <span class='ocrx_word' id='word_1_24' title='bbox 978 875 1063 940; x_wconf 87' lang='lat' dir='ltr'>Gret.</span> <span class='ocrx_word' id='word_1_25' title='bbox 1079 876 1274 941; x_wconf 84' lang='lat' dir='ltr'>Nazianzeni</span> <span class='ocrx_word' id='word_1_26' title='bbox 1296 877 1395 941; x_wconf 89' lang='lat' dir='ltr'>scho-</span> 
     </span>
     <span class='ocr_line' id='line_1_5' title="bbox 294 979 877 1064; baseline 0 -20"><span class='ocrx_word' id='word_1_27' title='bbox 294 979 297 986; x_wconf 85' lang='grc'><strong>’</strong></span> <span class='ocrx_word' id='word_1_28' title='bbox 362 982 487 1046; x_wconf 88' lang='lat' dir='ltr'>hastam</span> <span class='ocrx_word' id='word_1_29' title='bbox 512 979 804 1064; x_wconf 63' lang='grc'><strong>(1199939111.</strong></span> <span class='ocrx_word' id='word_1_30' title='bbox 829 981 877 1056; x_wconf 55' lang='grc'><strong>1).’</strong></span> 
     </span>
    </p>

    <p class='ocr_par' dir='ltr' id='par_1_3' title="bbox 361 1082 1396 1682">
     <span class='ocr_line' id='line_1_6' title="bbox 447 1082 1394 1168; baseline 0 -21"><span class='ocrx_word' id='word_1_31' title='bbox 447 1084 624 1168; x_wconf 81' lang='lat' dir='ltr'>Pergamus</span> <span class='ocrx_word' id='word_1_32' title='bbox 654 1083 759 1166; x_wconf 90' lang='lat' dir='ltr'>igitur.</span> <span class='ocrx_word' id='word_1_33' title='bbox 805 1083 895 1147; x_wconf 83' lang='lat' dir='ltr'>Sicut</span> <span class='ocrx_word' id='word_1_34' title='bbox 919 1082 1103 1167; x_wconf 85' lang='lat' dir='ltr'>Nyssenum</span> <span class='ocrx_word' id='word_1_35' title='bbox 1132 1089 1228 1146; x_wconf 90' lang='lat' dir='ltr'>antea</span> <span class='ocrx_word' id='word_1_36' title='bbox 1256 1089 1394 1166; x_wconf 86' lang='lat' dir='ltr'>putasse</span> 
     </span>
     <span class='ocr_line' id='line_1_7' title="bbox 361 1185 1396 1270; baseline 0 -20"><span class='ocrx_word' id='word_1_37' title='bbox 361 1185 497 1250; x_wconf 86' lang='lat' dir='ltr'>vidimus</span> <span class='ocrx_word' id='word_1_38' title='bbox 521 1191 594 1250; x_wconf 89' lang='lat' dir='ltr'>ante</span> <span class='ocrx_word' id='word_1_39' title='bbox 618 1207 712 1250; x_wconf 90' lang='lat' dir='ltr'>omne</span> <span class='ocrx_word' id='word_1_40' title='bbox 736 1191 861 1270; x_wconf 89' lang='lat' dir='ltr'>tempus</span> <span class='ocrx_word' id='word_1_41' title='bbox 885 1205 905 1248; x_wconf 92' lang='lat' dir='ltr'>a</span> <span class='ocrx_word' id='word_1_42' title='bbox 927 1186 988 1249; x_wconf 92' lang='lat' dir='ltr'>deo</span> <span class='ocrx_word' id='word_1_43' title='bbox 1011 1206 1085 1249; x_wconf 88' lang='lat' dir='ltr'>eum</span> <span class='ocrx_word' id='word_1_44' title='bbox 1114 1185 1270 1249; x_wconf 90' lang='lat' dir='ltr'>mundum</span> <span class='ocrx_word' id='word_1_45' title='bbox 1299 1207 1396 1250; x_wconf 85' lang='lat' dir='ltr'>crea·</span> 
     </span>
     <span class='ocr_line' id='line_1_8' title="bbox 363 1289 1396 1373; baseline -0.001 -21"><span class='ocrx_word' id='word_1_46' title='bbox 363 1296 430 1352; x_wconf 93' lang='lat' dir='ltr'>tum</span> <span class='ocrx_word' id='word_1_47' title='bbox 453 1309 534 1370; x_wconf 87' lang='lat' dir='ltr'>csse,</span> <span class='ocrx_word' id='word_1_48' title='bbox 558 1289 611 1372; x_wconf 92' lang='lat' dir='ltr'>qui</span> <span class='ocrx_word' id='word_1_49' title='bbox 635 1289 702 1352; x_wconf 89' lang='lat' dir='ltr'>sola</span> <span class='ocrx_word' id='word_1_50' title='bbox 729 1295 837 1352; x_wconf 87' lang='lat' dir='ltr'>mente</span> <span class='ocrx_word' id='word_1_51' title='bbox 867 1289 985 1373; x_wconf 83' lang='lat' dir='ltr'>percipi</span> <span class='ocrx_word' id='word_1_52' title='bbox 1015 1293 1130 1372; x_wconf 86' lang='lat' dir='ltr'>potest,</span> <span class='ocrx_word' id='word_1_53' title='bbox 1159 1289 1205 1351; x_wconf 90' lang='lat' dir='ltr'>ita</span> <span class='ocrx_word' id='word_1_54' title='bbox 1235 1295 1268 1352; x_wconf 89' lang='lat' dir='ltr'>et</span> <span class='ocrx_word' id='word_1_55' title='bbox 1295 1294 1396 1351; x_wconf 91' lang='lat' dir='ltr'>natu-</span> 
     </span>
     <span class='ocr_line' id='line_1_9' title="bbox 362 1380 1393 1476; baseline -0.006 -20"><span class='ocrx_word' id='word_1_56' title='bbox 362 1415 430 1457; x_wconf 89' lang='lat' dir='ltr'>ram</span> <span class='ocrx_word' id='word_1_57' title='bbox 453 1392 627 1455; x_wconf 86' lang='lat' dir='ltr'>humanam</span> <span class='ocrx_word' id='word_1_58' title='bbox 657 1392 759 1476; x_wconf 83' lang='lat' dir='ltr'>ipsam</span> <span class='ocrx_word' id='word_1_59' title='bbox 782 1396 816 1454; x_wconf 93' lang='lat' dir='ltr'>et</span> <span class='ocrx_word' id='word_1_60' title='bbox 837 1393 1012 1476; x_wconf 76' lang='lat' dir='ltr'>perfectam</span> <span class='ocrx_word' id='word_1_61' title='bbox 1046 1429 1085 1436; x_wconf 93' lang='lat'><strong>—</strong></span> <span class='ocrx_word' id='word_1_62' title='bbox 1119 1383 1156 1452; x_wconf 80' lang='grc' dir='ltr'>τὰ</span> <span class='ocrx_word' id='word_1_63' title='bbox 1177 1389 1233 1472; x_wconf 75' lang='grc' dir='ltr'>τῆς</span> <span class='ocrx_word' id='word_1_64' title='bbox 1256 1380 1393 1471; x_wconf 67' lang='grc' dir='ltr'><strong><em>ἅνθρω-</em></strong></span> 
     </span>
     <span class='ocr_line' id='line_1_10' title="bbox 362 1480 1394 1578; baseline 0.001 -21"><span class='ocrx_word' id='word_1_65' title='bbox 362 1489 502 1578; x_wconf 68' lang='lat' dir='ltr'>adeptos</span> <span class='ocrx_word' id='word_1_66' title='bbox 526 1489 684 1576; x_wconf 78' lang='grc' dir='ltr'><em>πλήρωμα</em></span> <span class='ocrx_word' id='word_1_67' title='bbox 715 1531 753 1539; x_wconf 88' lang='grc'><strong>-</strong></span> <span class='ocrx_word' id='word_1_68' title='bbox 785 1495 819 1556; x_wconf 88' lang='grc'>19</span> <span class='ocrx_word' id='word_1_69' title='bbox 848 1494 1003 1578; x_wconf 92' lang='lat' dir='ltr'>principio</span> <span class='ocrx_word' id='word_1_70' title='bbox 1037 1515 1058 1558; x_wconf 92' lang='lat' dir='ltr'>a</span> <span class='ocrx_word' id='word_1_71' title='bbox 1090 1480 1292 1560; x_wconf 85' lang='grc'><strong>(1991991919</strong></span> <span class='ocrx_word' id='word_1_72' title='bbox 1316 1517 1394 1559; x_wconf 87' lang='lat' dir='ltr'>esse</span> 
     </span>
     <span class='ocr_line' id='line_1_11' title="bbox 362 1597 1086 1682; baseline 0 -20"><span class='ocrx_word' id='word_1_73' title='bbox 362 1606 481 1664; x_wconf 88' lang='lat' dir='ltr'>censet.</span> <span class='ocrx_word' id='word_1_74' title='bbox 528 1599 567 1682; x_wconf 84' lang='grc' dir='ltr'>(Ι,</span> <span class='ocrx_word' id='word_1_75' title='bbox 592 1597 706 1680; x_wconf 82' lang='grc' dir='ltr'><strong>189Ο;</strong></span> <span class='ocrx_word' id='word_1_76' title='bbox 730 1597 830 1662; x_wconf 77' lang='grc'>2040</span> <span class='ocrx_word' id='word_1_77' title='bbox 855 1618 937 1682; x_wconf 88' lang='lat' dir='ltr'>seq.;</span> <span class='ocrx_word' id='word_1_78' title='bbox 963 1599 1022 1662; x_wconf 82' lang='lat'>185</span> <span class='ocrx_word' id='word_1_79' title='bbox 1034 1598 1086 1673; x_wconf 89' lang='lat' dir='ltr'>B.)</span> 
     </span>
    </p>

    <p class='ocr_par' dir='ltr' id='par_1_4' title="bbox 360 1701 1476 3746">
     <span class='ocr_line' id='line_1_12' title="bbox 447 1701 1395 1785; baseline 0.001 -20"><span class='ocrx_word' id='word_1_80' title='bbox 447 1703 552 1766; x_wconf 90' lang='lat' dir='ltr'>Huius</span> <span class='ocrx_word' id='word_1_81' title='bbox 575 1702 735 1765; x_wconf 88' lang='lat' dir='ltr'>humanae</span> <span class='ocrx_word' id='word_1_82' title='bbox 764 1707 909 1783; x_wconf 87' lang='lat' dir='ltr'>naturae,</span> <span class='ocrx_word' id='word_1_83' title='bbox 938 1722 1020 1785; x_wconf 88' lang='lat' dir='ltr'>quae</span> <span class='ocrx_word' id='word_1_84' title='bbox 1051 1701 1165 1765; x_wconf 89' lang='lat' dir='ltr'>eodem</span> <span class='ocrx_word' id='word_1_85' title='bbox 1194 1702 1289 1766; x_wconf 91' lang='lat' dir='ltr'>modo</span> <span class='ocrx_word' id='word_1_86' title='bbox 1320 1702 1395 1766; x_wconf 90' lang='lat' dir='ltr'>sola</span> 
     </span>
     <span class='ocr_line' id='line_1_13' title="bbox 363 1804 1392 1889; baseline 0 -21"><span class='ocrx_word' id='word_1_87' title='bbox 363 1805 554 1888; x_wconf 78' lang='lat' dir='ltr'>cogitatione</span> <span class='ocrx_word' id='word_1_88' title='bbox 589 1826 626 1868; x_wconf 89' lang='lat' dir='ltr'>ac</span> <span class='ocrx_word' id='word_1_89' title='bbox 659 1810 767 1868; x_wconf 91' lang='lat' dir='ltr'>mentc</span> <span class='ocrx_word' id='word_1_90' title='bbox 799 1804 941 1886; x_wconf 85' lang='lat' dir='ltr'>intellegi</span> <span class='ocrx_word' id='word_1_91' title='bbox 972 1804 1083 1887; x_wconf 86' lang='lat' dir='ltr'>possit,</span> <span class='ocrx_word' id='word_1_92' title='bbox 1116 1805 1286 1889; x_wconf 82' lang='lat' dir='ltr'>participes</span> <span class='ocrx_word' id='word_1_93' title='bbox 1316 1826 1392 1868; x_wconf 88' lang='lat' dir='ltr'>esse</span> 
     </span>
     <span class='ocr_line' id='line_1_14' title="bbox 364 1907 1392 1990; baseline 0.001 -19"><span class='ocrx_word' id='word_1_94' title='bbox 364 1908 457 1971; x_wconf 91' lang='lat' dir='ltr'>docet</span> <span class='ocrx_word' id='word_1_95' title='bbox 492 1929 602 1972; x_wconf 91' lang='lat' dir='ltr'>omnes</span> <span class='ocrx_word' id='word_1_96' title='bbox 637 1907 792 1989; x_wconf 89' lang='lat' dir='ltr'>homines,</span> <span class='ocrx_word' id='word_1_97' title='bbox 826 1913 921 1990; x_wconf 90' lang='lat' dir='ltr'>atque</span> <span class='ocrx_word' id='word_1_98' title='bbox 955 1929 1022 1970; x_wconf 89' lang='lat' dir='ltr'>rem</span> <span class='ocrx_word' id='word_1_99' title='bbox 1052 1908 1098 1970; x_wconf 91' lang='lat' dir='ltr'>ita</span> <span class='ocrx_word' id='word_1_100' title='bbox 1130 1929 1165 1971; x_wconf 89' lang='grc'>99</span> <span class='ocrx_word' id='word_1_101' title='bbox 1187 1907 1305 1972; x_wconf 93' lang='lat' dir='ltr'>habere</span> <span class='ocrx_word' id='word_1_102' title='bbox 1327 1908 1392 1972; x_wconf 94' lang='lat' dir='ltr'>hoc</span> 
     </span>
     <span class='ocr_line' id='line_1_15' title="bbox 362 2009 1391 2094; baseline -0.002 -20"><span class='ocrx_word' id='word_1_103' title='bbox 362 2017 549 2094; x_wconf 87' lang='lat' dir='ltr'>argumento</span> <span class='ocrx_word' id='word_1_104' title='bbox 586 2031 667 2092; x_wconf 86' lang='lat' dir='ltr'>esec,</span> <span class='ocrx_word' id='word_1_105' title='bbox 704 2009 789 2092; x_wconf 93' lang='lat' dir='ltr'>quod</span> <span class='ocrx_word' id='word_1_106' title='bbox 826 2031 916 2074; x_wconf 87' lang='lat' dir='ltr'>mens</span> <span class='ocrx_word' id='word_1_107' title='bbox 943 2009 1070 2075; x_wconf 74' lang='lat' dir='ltr'>divinae</span> <span class='ocrx_word' id='word_1_108' title='bbox 1103 2016 1237 2075; x_wconf 85' lang='lat' dir='ltr'>naturae</span> <span class='ocrx_word' id='word_1_109' title='bbox 1270 2012 1391 2094; x_wconf 78' lang='lat' dir='ltr'>imago,</span> 
     </span>
     <span class='ocr_line' id='line_1_16' title="bbox 362 2111 1391 2197; baseline -0.002 -20"><span class='ocrx_word' id='word_1_110' title='bbox 362 2114 480 2197; x_wconf 89' lang='lat' dir='ltr'>pariter</span> <span class='ocrx_word' id='word_1_111' title='bbox 501 2114 534 2176; x_wconf 90' lang='lat' dir='ltr'>in</span> <span class='ocrx_word' id='word_1_112' title='bbox 558 2113 704 2176; x_wconf 84' lang='lat' dir='ltr'>omnibus</span> <span class='ocrx_word' id='word_1_113' title='bbox 727 2113 861 2177; x_wconf 91' lang='lat' dir='ltr'>habitet.</span> <span class='ocrx_word' id='word_1_114' title='bbox 906 2111 1030 2196; x_wconf 84' lang='lat' dir='ltr'>Corpus</span> <span class='ocrx_word' id='word_1_115' title='bbox 1052 2133 1128 2177; x_wconf 84' lang='lat' dir='ltr'>vero</span> <span class='ocrx_word' id='word_1_116' title='bbox 1150 2120 1184 2178; x_wconf 91' lang='lat' dir='ltr'>et</span> <span class='ocrx_word' id='word_1_117' title='bbox 1205 2114 1331 2196; x_wconf 87' lang='lat' dir='ltr'>generis</span> <span class='ocrx_word' id='word_1_118' title='bbox 1355 2114 1391 2176; x_wconf 92' lang='lat' dir='ltr'>in</span> 
     </span>
     <span class='ocr_line' id='line_1_17' title="bbox 361 2216 1475 2299; baseline 0 -19"><span class='ocrx_word' id='word_1_119' title='bbox 361 2217 490 2280; x_wconf 92' lang='lat' dir='ltr'>homine</span> <span class='ocrx_word' id='word_1_120' title='bbox 525 2216 704 2299; x_wconf 87' lang='lat' dir='ltr'>discrimen,</span> <span class='ocrx_word' id='word_1_121' title='bbox 739 2216 829 2280; x_wconf 91' lang='lat' dir='ltr'>cuius</span> <span class='ocrx_word' id='word_1_122' title='bbox 863 2222 977 2278; x_wconf 83' lang='lat' dir='ltr'>natum</span> <span class='ocrx_word' id='word_1_123' title='bbox 1009 2217 1158 2280; x_wconf 89' lang='lat' dir='ltr'>universa</span> <span class='ocrx_word' id='word_1_124' title='bbox 1186 2217 1251 2281; x_wconf 89' lang='lat' dir='ltr'>iam</span> <span class='ocrx_word' id='word_1_125' title='bbox 1280 2223 1391 2281; x_wconf 86' lang='lat' dir='ltr'>creata</span> <span class='ocrx_word' id='word_1_126' title='bbox 1474 2222 1475 2239; x_wconf 66' lang='lat'>¹</span> 
     </span>
     <span class='ocr_line' id='line_1_18' title="bbox 362 2319 1475 2404; baseline -0.001 -21"><span class='ocrx_word' id='word_1_127' title='bbox 362 2321 412 2402; x_wconf 88' lang='lat' dir='ltr'>sit,</span> <span class='ocrx_word' id='word_1_128' title='bbox 436 2326 548 2404; x_wconf 88' lang='lat' dir='ltr'>postea</span> <span class='ocrx_word' id='word_1_129' title='bbox 571 2319 662 2383; x_wconf 86' lang='lat' dir='ltr'>nohis</span> <span class='ocrx_word' id='word_1_130' title='bbox 685 2326 816 2404; x_wconf 84' lang='lat' dir='ltr'>propter</span> <span class='ocrx_word' id='word_1_131' title='bbox 837 2320 1036 2402; x_wconf 77' lang='lat' dir='ltr'>peccatum1)</span> <span class='ocrx_word' id='word_1_132' title='bbox 1061 2319 1258 2382; x_wconf 83' lang='lat' dir='ltr'>extrinsecus</span> <span class='ocrx_word' id='word_1_133' title='bbox 1279 2341 1389 2403; x_wconf 88' lang='lat' dir='ltr'>super·</span> <span class='ocrx_word' id='word_1_134' title='bbox 1474 2352 1475 2391; x_wconf 64' lang='lat'>3</span> 
     </span>
     <span class='ocr_line' id='line_1_19' title="bbox 361 2408 1476 2505; baseline 0 -19"><span class='ocrx_word' id='word_1_135' title='bbox 361 2423 492 2486; x_wconf 91' lang='lat' dir='ltr'>inducta</span> <span class='ocrx_word' id='word_1_136' title='bbox 507 2428 603 2505; x_wconf 90' lang='lat' dir='ltr'>atquc</span> <span class='ocrx_word' id='word_1_137' title='bbox 616 2421 725 2486; x_wconf 90' lang='lat' dir='ltr'>addita</span> <span class='ocrx_word' id='word_1_138' title='bbox 736 2443 807 2486; x_wconf 89' lang='grc'><strong>9999</strong></span> <span class='ocrx_word' id='word_1_139' title='bbox 819 2423 982 2486; x_wconf 82' lang='lat' dir='ltr'>existimat</span> <span class='ocrx_word' id='word_1_140' title='bbox 994 2422 1032 2504; x_wconf 87' lang='lat' dir='ltr'>(I,</span> <span class='ocrx_word' id='word_1_141' title='bbox 1047 2423 1108 2488; x_wconf 83' lang='lat'>185</span> <span class='ocrx_word' id='word_1_142' title='bbox 1119 2423 1169 2505; x_wconf 82' lang='lat' dir='ltr'>D3</span> <span class='ocrx_word' id='word_1_143' title='bbox 1191 2422 1252 2504; x_wconf 86' lang='lat' dir='ltr'>IH,</span> <span class='ocrx_word' id='word_1_144' title='bbox 1266 2425 1303 2486; x_wconf 83' lang='lat'>61</span> <span class='ocrx_word' id='word_1_145' title='bbox 1317 2422 1345 2485; x_wconf 92' lang='grc' dir='ltr'><strong>Β</strong></span> <span class='ocrx_word' id='word_1_146' title='bbox 1359 2426 1389 2504; x_wconf 76' lang='lat'>63</span> <span class='ocrx_word' id='word_1_147' title='bbox 1474 2408 1476 2417; x_wconf 53' lang='grc'>’</span> 
     </span>
     <span class='ocr_line' id='line_1_20' title="bbox 360 2507 1475 2607; baseline -0.001 -20"><span class='ocrx_word' id='word_1_148' title='bbox 360 2507 678 2607; x_wconf 64' lang='grc'><strong>1114911611999999</strong></span> <span class='ocrx_word' id='word_1_149' title='bbox 689 2517 765 2606; x_wconf 72' lang='grc' dir='ltr'>ἡμῖν</span> <span class='ocrx_word' id='word_1_150' title='bbox 777 2519 1031 2602; x_wconf 79' lang='grc' dir='ltr'><em>ἐπιγιγνόμενα).</em></span> <span class='ocrx_word' id='word_1_151' title='bbox 1043 2525 1135 2596; x_wconf 87' lang='lat' dir='ltr'>Mene</span> <span class='ocrx_word' id='word_1_152' title='bbox 1146 2524 1242 2607; x_wconf 90' lang='lat' dir='ltr'>igitur</span> <span class='ocrx_word' id='word_1_153' title='bbox 1250 2523 1387 2586; x_wconf 89' lang='lat' dir='ltr'>hominis</span> <span class='ocrx_word' id='word_1_154' title='bbox 1474 2536 1475 2563; x_wconf 61' lang='grc'>1</span> 
     </span>
     <span class='ocr_line' id='line_1_21' title="bbox 362 2627 1386 2713; baseline -0.003 -20"><span class='ocrx_word' id='word_1_155' title='bbox 362 2628 537 2693; x_wconf 88' lang='lat' dir='ltr'>secundum</span> <span class='ocrx_word' id='word_1_156' title='bbox 559 2628 641 2692; x_wconf 90' lang='lat' dir='ltr'>hanc</span> <span class='ocrx_word' id='word_1_157' title='bbox 659 2628 804 2711; x_wconf 82' lang='lat' dir='ltr'>Gregorii</span> <span class='ocrx_word' id='word_1_158' title='bbox 826 2629 1018 2694; x_wconf 84' lang='lat' dir='ltr'>sententiam</span> <span class='ocrx_word' id='word_1_159' title='bbox 1040 2628 1126 2713; x_wconf 88' lang='lat' dir='ltr'>prior</span> <span class='ocrx_word' id='word_1_160' title='bbox 1147 2627 1232 2692; x_wconf 90' lang='lat' dir='ltr'>facta</span> <span class='ocrx_word' id='word_1_161' title='bbox 1253 2627 1386 2692; x_wconf 88' lang='grc'><strong>99191119</strong></span> 
     </span>
     <span class='ocr_line' id='line_1_22' title="bbox 361 2731 1387 2816; baseline -0.002 -20"><span class='ocrx_word' id='word_1_162' title='bbox 361 2733 488 2796; x_wconf 89' lang='lat' dir='ltr'>animae</span> <span class='ocrx_word' id='word_1_163' title='bbox 524 2731 728 2796; x_wconf 81' lang='lat' dir='ltr'>facultatibus</span> <span class='ocrx_word' id='word_1_164' title='bbox 761 2732 996 2796; x_wconf 87' lang='lat' dir='ltr'>irrationalibus</span> <span class='ocrx_word' id='word_1_165' title='bbox 1029 2738 1063 2796; x_wconf 91' lang='grc'>91</span> <span class='ocrx_word' id='word_1_166' title='bbox 1094 2738 1169 2796; x_wconf 85' lang='grc'><strong>91119</strong></span> <span class='ocrx_word' id='word_1_167' title='bbox 1203 2753 1316 2816; x_wconf 88' lang='lat' dir='ltr'>corpus</span> <span class='ocrx_word' id='word_1_168' title='bbox 1354 2738 1387 2795; x_wconf 92' lang='grc'>91</span> 
     </span>
     <span class='ocr_line' id='line_1_23' title="bbox 361 2834 1385 2910; baseline -0.001 -12"><span class='ocrx_word' id='word_1_169' title='bbox 361 2836 444 2899; x_wconf 87' lang='lat' dir='ltr'>hanc</span> <span class='ocrx_word' id='word_1_170' title='bbox 467 2835 640 2898; x_wconf 87' lang='lat' dir='ltr'>humanam</span> <span class='ocrx_word' id='word_1_171' title='bbox 662 2834 771 2899; x_wconf 87' lang='lat' dir='ltr'>vitam.</span> <span class='ocrx_word' id='word_1_172' title='bbox 816 2836 888 2910; x_wconf 79' lang='lat' dir='ltr'>Qua</span> <span class='ocrx_word' id='word_1_173' title='bbox 910 2835 950 2899; x_wconf 94' lang='lat' dir='ltr'>de</span> <span class='ocrx_word' id='word_1_174' title='bbox 973 2856 1070 2899; x_wconf 90' lang='lat' dir='ltr'>causa</span> <span class='ocrx_word' id='word_1_175' title='bbox 1102 2835 1275 2898; x_wconf 89' lang='lat' dir='ltr'>humanam</span> <span class='ocrx_word' id='word_1_176' title='bbox 1300 2835 1385 2898; x_wconf 87' lang='grc'><strong>111919</strong></span> 
     </span>
     <span class='ocr_line' id='line_1_24' title="bbox 361 2937 1384 3026; baseline -0.002 -24"><span class='ocrx_word' id='word_1_177' title='bbox 361 2944 435 3002; x_wconf 89' lang='grc'><strong>9919</strong></span> <span class='ocrx_word' id='word_1_178' title='bbox 458 2959 552 3001; x_wconf 91' lang='lat' dir='ltr'>omne</span> <span class='ocrx_word' id='word_1_179' title='bbox 577 2943 701 3026; x_wconf 86' lang='lat' dir='ltr'>tempus</span> <span class='ocrx_word' id='word_1_180' title='bbox 724 2944 864 3002; x_wconf 92' lang='lat' dir='ltr'>creatam</span> <span class='ocrx_word' id='word_1_181' title='bbox 886 2944 1033 3002; x_wconf 89' lang='lat' dir='ltr'>naturam</span> <span class='ocrx_word' id='word_1_182' title='bbox 1051 2939 1223 3022; x_wconf 82' lang='lat' dir='ltr'>Gregorius</span> <span class='ocrx_word' id='word_1_183' title='bbox 1245 2937 1384 3020; x_wconf 89' lang='lat' dir='ltr'>intellegi</span> 
     </span>
     <span class='ocr_line' id='line_1_25' title="bbox 361 3040 1383 3125; baseline -0.001 -21"><span class='ocrx_word' id='word_1_184' title='bbox 361 3041 442 3104; x_wconf 89' lang='lat' dir='ltr'>velle</span> <span class='ocrx_word' id='word_1_185' title='bbox 465 3041 589 3104; x_wconf 88' lang='lat' dir='ltr'>videtur</span> <span class='ocrx_word' id='word_1_186' title='bbox 612 3042 752 3104; x_wconf 91' lang='lat' dir='ltr'>omnium</span> <span class='ocrx_word' id='word_1_187' title='bbox 775 3041 940 3104; x_wconf 91' lang='lat' dir='ltr'>hominum</span> <span class='ocrx_word' id='word_1_188' title='bbox 962 3047 1097 3124; x_wconf 85' lang='lat' dir='ltr'>mentes,</span> <span class='ocrx_word' id='word_1_189' title='bbox 1112 3040 1298 3125; x_wconf 85' lang='lat' dir='ltr'>praesertim</span> <span class='ocrx_word' id='word_1_190' title='bbox 1314 3062 1383 3104; x_wconf 91' lang='lat' dir='ltr'>cum</span> 
     </span>
     <span class='ocr_line' id='line_1_26' title="bbox 361 3143 1384 3208; baseline -0.002 0"><span class='ocrx_word' id='word_1_191' title='bbox 361 3149 541 3208; x_wconf 89' lang='lat' dir='ltr'>etmentes</span> <span class='ocrx_word' id='word_1_192' title='bbox 565 3144 700 3208; x_wconf 89' lang='grc'><strong>9111999</strong></span> <span class='ocrx_word' id='word_1_193' title='bbox 730 3145 905 3208; x_wconf 89' lang='lat' dir='ltr'>humanam</span> <span class='ocrx_word' id='word_1_194' title='bbox 934 3150 1081 3208; x_wconf 87' lang='grc'><strong>1191919111</strong></span> <span class='ocrx_word' id='word_1_195' title='bbox 1110 3143 1290 3208; x_wconf 85' lang='lat' dir='ltr'>universam</span> <span class='ocrx_word' id='word_1_196' title='bbox 1319 3143 1384 3207; x_wconf 88' lang='lat' dir='ltr'>sola</span> 
     </span>
     <span class='ocr_line' id='line_1_27' title="bbox 360 3247 1384 3332; baseline -0.002 -21"><span class='ocrx_word' id='word_1_197' title='bbox 360 3247 552 3330; x_wconf 90' lang='lat' dir='ltr'>cogitatione</span> <span class='ocrx_word' id='word_1_198' title='bbox 581 3249 700 3332; x_wconf 88' lang='lat' dir='ltr'>percipi</span> <span class='ocrx_word' id='word_1_199' title='bbox 730 3269 824 3332; x_wconf 89' lang='lat' dir='ltr'>posse</span> <span class='ocrx_word' id='word_1_200' title='bbox 853 3248 947 3313; x_wconf 88' lang='lat' dir='ltr'>dicat.</span> <span class='ocrx_word' id='word_1_201' title='bbox 994 3248 1084 3322; x_wconf 81' lang='lat' dir='ltr'>Quae</span> <span class='ocrx_word' id='word_1_202' title='bbox 1112 3268 1177 3311; x_wconf 87' lang='lat' dir='ltr'>non</span> <span class='ocrx_word' id='word_1_203' title='bbox 1204 3247 1384 3332; x_wconf 87' lang='lat' dir='ltr'>conspirant</span> 
     </span>
     <span class='ocr_line' id='line_1_28' title="bbox 360 3351 1382 3436; baseline -0.001 -22"><span class='ocrx_word' id='word_1_204' title='bbox 360 3371 433 3415; x_wconf 90' lang='lat' dir='ltr'>cum</span> <span class='ocrx_word' id='word_1_205' title='bbox 455 3351 504 3433; x_wconf 91' lang='grc'><strong>119,</strong></span> <span class='ocrx_word' id='word_1_206' title='bbox 527 3373 608 3434; x_wconf 91' lang='lat' dir='ltr'>quae</span> <span class='ocrx_word' id='word_1_207' title='bbox 631 3351 814 3436; x_wconf 85' lang='lat' dir='ltr'>Nyssenum</span> <span class='ocrx_word' id='word_1_208' title='bbox 836 3357 947 3435; x_wconf 88' lang='lat' dir='ltr'>postea</span> <span class='ocrx_word' id='word_1_209' title='bbox 977 3351 1030 3428; x_wconf 88' lang='grc'><strong>(91.</strong></span> <span class='ocrx_word' id='word_1_210' title='bbox 1053 3372 1083 3434; x_wconf 90' lang='lat' dir='ltr'>p.</span> <span class='ocrx_word' id='word_1_211' title='bbox 1107 3351 1160 3426; x_wconf 77' lang='lat'>25)</span> <span class='ocrx_word' id='word_1_212' title='bbox 1191 3357 1302 3414; x_wconf 87' lang='lat' dir='ltr'>contra</span> <span class='ocrx_word' id='word_1_213' title='bbox 1329 3371 1382 3414; x_wconf 88' lang='lat' dir='ltr'>eos</span> 
     </span>
     <span class='ocr_line' id='line_1_29' title="bbox 360 3454 1382 3538; baseline 0 -21"><span class='ocrx_word' id='word_1_214' title='bbox 360 3454 465 3518; x_wconf 89' lang='lat' dir='ltr'>dicere</span> <span class='ocrx_word' id='word_1_215' title='bbox 487 3454 676 3538; x_wconf 85' lang='lat' dir='ltr'>videbimus,</span> <span class='ocrx_word' id='word_1_216' title='bbox 699 3456 752 3538; x_wconf 92' lang='lat' dir='ltr'>qui</span> <span class='ocrx_word' id='word_1_217' title='bbox 774 3455 914 3518; x_wconf 91' lang='lat' dir='ltr'>animam</span> <span class='ocrx_word' id='word_1_218' title='bbox 937 3462 1011 3518; x_wconf 88' lang='lat' dir='ltr'>ante</span> <span class='ocrx_word' id='word_1_219' title='bbox 1034 3474 1147 3538; x_wconf 86' lang='lat' dir='ltr'>corpus</span> <span class='ocrx_word' id='word_1_220' title='bbox 1175 3456 1293 3518; x_wconf 88' lang='grc'><strong>19919111</strong></span> <span class='ocrx_word' id='word_1_221' title='bbox 1315 3476 1382 3518; x_wconf 88' lang='grc'><strong>9999</strong></span> 
     </span>
     <span class='ocr_line' id='line_1_30' title="bbox 361 3556 1382 3642; baseline 0.002 -23"><span class='ocrx_word' id='word_1_222' title='bbox 361 3556 548 3641; x_wconf 84' lang='grc'><strong>(1999911191,</strong></span> <span class='ocrx_word' id='word_1_223' title='bbox 585 3558 740 3642; x_wconf 91' lang='lat' dir='ltr'>imprimis</span> <span class='ocrx_word' id='word_1_224' title='bbox 778 3565 889 3623; x_wconf 90' lang='lat' dir='ltr'>contra</span> <span class='ocrx_word' id='word_1_225' title='bbox 917 3559 1096 3623; x_wconf 90' lang='lat' dir='ltr'>Platonem.</span> <span class='ocrx_word' id='word_1_226' title='bbox 1149 3556 1214 3622; x_wconf 79' lang='lat' dir='ltr'>Sed</span> <span class='ocrx_word' id='word_1_227' title='bbox 1242 3565 1382 3622; x_wconf 88' lang='lat' dir='ltr'>nostrum</span> 
     </span>
     <span class='ocr_line' id='line_1_31' title="bbox 361 3660 1381 3746; baseline 0.002 -24"><span class='ocrx_word' id='word_1_228' title='bbox 361 3660 412 3724; x_wconf 93' lang='lat' dir='ltr'>hic</span> <span class='ocrx_word' id='word_1_229' title='bbox 445 3681 509 3724; x_wconf 92' lang='grc'><strong>11911</strong></span> <span class='ocrx_word' id='word_1_230' title='bbox 545 3667 604 3743; x_wconf 91' lang='grc'><strong>991,</strong></span> <span class='ocrx_word' id='word_1_231' title='bbox 637 3661 719 3726; x_wconf 90' lang='lat' dir='ltr'>hanc</span> <span class='ocrx_word' id='word_1_232' title='bbox 753 3661 999 3746; x_wconf 85' lang='lat' dir='ltr'>discrepantiam</span> <span class='ocrx_word' id='word_1_233' title='bbox 1033 3662 1215 3733; x_wconf 87' lang='lat' dir='ltr'>dissolvere.</span> <span class='ocrx_word' id='word_1_234' title='bbox 1224 3662 1249 3738; x_wconf 84' lang='lat'>²)</span> <span class='ocrx_word' id='word_1_235' title='bbox 1305 3661 1381 3725; x_wconf 90' lang='lat' dir='ltr'>Inde</span> 
     </span>
    </p>
   </div>
   <div class='ocr_carea' id='block_1_3' title="bbox 360 3795 1380 4388">
    <p class='ocr_par' dir='ltr' id='par_1_5' title="bbox 360 3795 1380 4040">
     <span class='ocr_line' id='line_1_32' title="bbox 450 3795 1380 3866; baseline 0.001 -19"><span class='ocrx_word' id='word_1_236' title='bbox 450 3797 471 3864; x_wconf 87' lang='lat'>¹)</span> <span class='ocrx_word' id='word_1_237' title='bbox 490 3795 560 3848; x_wconf 90' lang='lat' dir='ltr'>Inde</span> <span class='ocrx_word' id='word_1_238' title='bbox 579 3796 655 3866; x_wconf 88' lang='lat' dir='ltr'>quod</span> <span class='ocrx_word' id='word_1_239' title='bbox 680 3797 709 3849; x_wconf 90' lang='lat' dir='ltr'>in</span> <span class='ocrx_word' id='word_1_240' title='bbox 734 3796 876 3866; x_wconf 89' lang='lat' dir='ltr'>principio</span> <span class='ocrx_word' id='word_1_241' title='bbox 901 3813 958 3850; x_wconf 88' lang='lat' dir='ltr'>non</span> <span class='ocrx_word' id='word_1_242' title='bbox 980 3797 1064 3849; x_wconf 83' lang='lat' dir='ltr'>unius</span> <span class='ocrx_word' id='word_1_243' title='bbox 1089 3797 1211 3850; x_wconf 86' lang='lat' dir='ltr'>hominis</span> <span class='ocrx_word' id='word_1_244' title='bbox 1236 3801 1380 3866; x_wconf 87' lang='lat' dir='ltr'>peccatum</span> 
     </span>
     <span class='ocr_line' id='line_1_33' title="bbox 360 3880 1379 3951; baseline 0.002 -17"><span class='ocrx_word' id='word_1_245' title='bbox 360 3881 449 3934; x_wconf 84' lang='grc'><strong>191999</strong></span> <span class='ocrx_word' id='word_1_246' title='bbox 468 3880 624 3951; x_wconf 85' lang='lat' dir='ltr'>Gregorius</span> <span class='ocrx_word' id='word_1_247' title='bbox 643 3882 721 3950; x_wconf 91' lang='lat' dir='ltr'>dicit,</span> <span class='ocrx_word' id='word_1_248' title='bbox 740 3883 791 3936; x_wconf 90' lang='lat' dir='ltr'>sed</span> <span class='ocrx_word' id='word_1_249' title='bbox 809 3883 898 3936; x_wconf 88' lang='lat' dir='ltr'>totius</span> <span class='ocrx_word' id='word_1_250' title='bbox 916 3884 1057 3936; x_wconf 84' lang='lat' dir='ltr'>humanae</span> <span class='ocrx_word' id='word_1_251' title='bbox 1074 3889 1203 3951; x_wconf 88' lang='lat' dir='ltr'>naturae,</span> <span class='ocrx_word' id='word_1_252' title='bbox 1229 3884 1309 3937; x_wconf 89' lang='grc'><strong>99199</strong></span> <span class='ocrx_word' id='word_1_253' title='bbox 1332 3901 1379 3936; x_wconf 87' lang='lat' dir='ltr'>nos</span> 
     </span>
     <span class='ocr_line' id='line_1_34' title="bbox 360 3969 1239 4040; baseline 0.005 -19"><span class='ocrx_word' id='word_1_254' title='bbox 360 3985 456 4021; x_wconf 89' lang='lat' dir='ltr'>omnes</span> <span class='ocrx_word' id='word_1_255' title='bbox 474 3969 628 4038; x_wconf 86' lang='lat' dir='ltr'>participes</span> <span class='ocrx_word' id='word_1_256' title='bbox 648 3987 753 4037; x_wconf 88' lang='lat' dir='ltr'>sumus,</span> <span class='ocrx_word' id='word_1_257' title='bbox 772 3979 868 4023; x_wconf 85' lang='grc'><strong>9911199</strong></span> <span class='ocrx_word' id='word_1_258' title='bbox 887 3971 1031 4040; x_wconf 86' lang='lat' dir='ltr'>improbos</span> <span class='ocrx_word' id='word_1_259' title='bbox 1050 3987 1113 4025; x_wconf 89' lang='grc'><strong>9999</strong></span> <span class='ocrx_word' id='word_1_260' title='bbox 1130 3971 1239 4025; x_wconf 87' lang='lat' dir='ltr'>edocet.</span> 
     </span>
    </p>

    <p class='ocr_par' dir='ltr' id='par_1_6' title="bbox 361 4057 1379 4388">
     <span class='ocr_line' id='line_1_35' title="bbox 450 4057 1379 4130; baseline -0.002 -18"><span class='ocrx_word' id='word_1_261' title='bbox 450 4057 533 4128; x_wconf 78' lang='grc'>2)01.</span> <span class='ocrx_word' id='word_1_262' title='bbox 552 4057 645 4128; x_wconf 90' lang='lat' dir='ltr'>Rupp.</span> <span class='ocrx_word' id='word_1_263' title='bbox 666 4057 783 4127; x_wconf 85' lang='lat' dir='ltr'>„Leben</span> <span class='ocrx_word' id='word_1_264' title='bbox 802 4077 828 4112; x_wconf 90' lang='lat' dir='ltr'>u.</span> <span class='ocrx_word' id='word_1_265' title='bbox 848 4059 1020 4130; x_wconf 87' lang='lat' dir='ltr'>Meinungcn</span> <span class='ocrx_word' id='word_1_266' title='bbox 1039 4057 1165 4129; x_wconf 89' lang='lat' dir='ltr'>Gregors</span> <span class='ocrx_word' id='word_1_267' title='bbox 1183 4077 1209 4114; x_wconf 86' lang='lat' dir='ltr'>v.</span> <span class='ocrx_word' id='word_1_268' title='bbox 1228 4060 1336 4126; x_wconf 80' lang='lat' dir='ltr'>Nyssa‘</span> <span class='ocrx_word' id='word_1_269' title='bbox 1354 4077 1379 4128; x_wconf 91' lang='lat' dir='ltr'>p.</span> 
     </span>
     <span class='ocr_line' id='line_1_36' title="bbox 361 4141 1379 4217; baseline 0.003 -23"><span class='ocrx_word' id='word_1_270' title='bbox 361 4142 411 4196; x_wconf 79' lang='lat'>176</span> <span class='ocrx_word' id='word_1_271' title='bbox 428 4141 502 4196; x_wconf 90' lang='lat' dir='ltr'>Ann.</span> <span class='ocrx_word' id='word_1_272' title='bbox 523 4175 555 4182; x_wconf 86' lang='lat'>—</span> <span class='ocrx_word' id='word_1_273' title='bbox 574 4145 689 4214; x_wconf 87' lang='lat' dir='ltr'>Preger,</span> <span class='ocrx_word' id='word_1_274' title='bbox 707 4145 783 4198; x_wconf 80' lang='lat' dir='ltr'>Diae.</span> <span class='ocrx_word' id='word_1_275' title='bbox 802 4146 881 4215; x_wconf 83' lang='lat' dir='ltr'>Lips.</span> <span class='ocrx_word' id='word_1_276' title='bbox 902 4147 969 4200; x_wconf 81' lang='grc'><strong>1897</strong></span> <span class='ocrx_word' id='word_1_277' title='bbox 998 4145 1200 4217; x_wconf 84' lang='lat' dir='ltr'>„Grundlagen</span> <span class='ocrx_word' id='word_1_278' title='bbox 1228 4147 1278 4200; x_wconf 90' lang='lat' dir='ltr'>der</span> <span class='ocrx_word' id='word_1_279' title='bbox 1296 4145 1379 4199; x_wconf 80' lang='lat' dir='ltr'>Ethik</span> 
     </span>
     <span class='ocr_line' id='line_1_37' title="bbox 362 4228 1379 4304; baseline 0.004 -22"><span class='ocrx_word' id='word_1_280' title='bbox 362 4228 448 4299; x_wconf 87' lang='lat' dir='ltr'>Greg.</span> <span class='ocrx_word' id='word_1_281' title='bbox 475 4247 501 4286; x_wconf 86' lang='lat' dir='ltr'>v.</span> <span class='ocrx_word' id='word_1_282' title='bbox 527 4249 553 4300; x_wconf 93' lang='lat' dir='ltr'>p.</span> <span class='ocrx_word' id='word_1_283' title='bbox 581 4231 614 4284; x_wconf 80' lang='lat'>17</span> <span class='ocrx_word' id='word_1_284' title='bbox 642 4249 700 4302; x_wconf 90' lang='lat' dir='ltr'>seq.</span> <span class='ocrx_word' id='word_1_285' title='bbox 727 4264 758 4270; x_wconf 88' lang='lat'><em>-</em></span> <span class='ocrx_word' id='word_1_286' title='bbox 784 4231 920 4285; x_wconf 86' lang='lat' dir='ltr'>Harnaok</span> <span class='ocrx_word' id='word_1_287' title='bbox 949 4232 1277 4304; x_wconf 55' lang='grc'>,,9991119113999111911191</span> <span class='ocrx_word' id='word_1_288' title='bbox 1298 4233 1379 4287; x_wconf 65' lang='grc'><strong>18941</strong></span> 
     </span>
     <span class='ocr_line' id='line_1_38' title="bbox 362 4317 603 4388; baseline 0.008 -18"><span class='ocrx_word' id='word_1_289' title='bbox 362 4333 430 4388; x_wconf 87' lang='lat' dir='ltr'>pars</span> <span class='ocrx_word' id='word_1_290' title='bbox 450 4317 479 4371; x_wconf 90' lang='lat'>11</span> <span class='ocrx_word' id='word_1_291' title='bbox 499 4336 525 4388; x_wconf 93' lang='lat' dir='ltr'>p.</span> <span class='ocrx_word' id='word_1_292' title='bbox 546 4318 603 4374; x_wconf 79' lang='lat'>148.</span> 
     </span>
    </p>
   </div>
   <div class='ocr_carea' id='block_1_4' title="bbox 0 0 1526 5077">
    <p class='ocr_par' dir='ltr' id='par_1_7' title="bbox 0 0 1526 5077">
     <span class='ocr_line' id='line_1_39' title="bbox 0 0 1526 5077; baseline 0 0"><span class='ocrx_word' id='word_1_293' title='bbox 0 0 1526 5077; x_wconf 95' lang='lat' dir='ltr'> </span> 
     </span>
    </p>
   </div>
  </div>
 </body>
</html>
