3042 5084
773 519 984 584 -45·-

498 685 685 769 Gregorius:
877 686 881 774 l
1103 691 1213 756 Plato:

359 806 404 865 yn
412 787 611 872 μυστικῆς
655 783 822 868 ἐμπειρίας
925 786 1042 877 τικὴν
1063 789 1195 876 ἰατρικῇ,
1216 783 1398 855 ἀπέκναισε

359 886 404 958 είς
438 888 581 974 παντελῆ
611 891 672 969 μδν
704 885 820 970 ὑγείαν,
925 893 1056 975 πρῶτον
1082 895 1144 973 μίν
1172 895 1224 957 καί
1251 894 1397 974 μάλιστα

360 985 644 1056 ἕπιθαυατίον
668 993 736 1056 τοῦ
758 1015 820 1056 νο·
925 990 1281 1069 ἑαυτὸν,ε”πειτ’ἅλλους
1296 992 1394 1062 ὅστε-

360 1093 542 1173 σήματος
565 1092 675 1178 Ιὄντος
697 1091 818 1160 ἐπαν·
923 1120 981 1179 ρον
1003 1096 1166 1167 πολλοῦς.
1187 1152 1193 1166 .
1211 1151 1218 1164 .
1239 1099 1395 1180 μακρόν

356 1203 508 1277 αγαγεῖν
540 1193 582 1261 τὸ
615 1199 718 1277 σῶμα
751 1189 819 1278 οὐχ
924 1192 1043 1266 ..τδν
1067 1198 1252 1264 θάνατον
1279 1199 1392 1288 αὐτῷ

357 1288 443 1370 οἷός
464 1285 582 1385 τεῆν.
617 1294 668 1366 αἐὶ
695 1304 733 1365 δὲ
759 1300 820 1364 τὸν
922 1299 1112 1389 ποιήσας.
1180 1303 1394 1382 παρακολου-

355 1399 499 1466 θάνατον
520 1399 665 1485 παρόντα
686 1404 726 1467 δι’
748 1397 819 1466 ἑπι-
873 1462 876 1475 ,
921 1399 1159 1490 θῶνγὰρτῳῖ
1183 1404 1393 1491 νοσήματι

356 1503 442 1574 νοίας
469 1500 719 1588 ὑπερτιθέμενος
748 1502 818 1584 οὐχὶ
922 1509 1139 1592 θανασίμῳ
1167 1504 1255 1594 ὄμτι
1291 1504 1392 1572 οὔτε

356 1605 436 1690 ζωῆς
451 1602 635 1689 ἀσφάλειαν,
653 1605 731 1672 ἀλλά
746 1613 817 1673 θα·
920 1605 1124 1673 ἰάσασθαι
1140 1661 1147 1676 .
1165 1661 1172 1676 .
1188 1598 1273 1680 οἷος
1306 1601 1390 1695 τ’ἦν

354 1705 475 1772 νάιον
498 1711 712 1793 παράτασιυ
734 1710 815 1775 ἑαυ·
921 1706 1077 1795 ἑαυτὸν,
1111 1709 1147 1776 ἑν
1179 1706 1312 1798 ἀσχολίᾳ
1345 1736 1385 1778 τε

353 1813 404 1896 τῷ
415 1809 817 1896 παρασκευάζεταιὸθεν
920 1814 1050 1878 πάντων
1068 1813 1292 1896 ἰατρευόμενος
1313 1811 1386 1880 διὰ

352 1915 405 1978 καὶ
426 1913 480 1988 εἰς
502 1916 612 2001 γῆρας
627 1916 815 2002 διήρκεσε,
918 1923 1012 1999 βίον
1034 1916 1098 2001 ἔζη
1118 1910 1385 1998 ἀποκναιόμενος,

352 2022 490 2104 μακρῳ
512 2017 678 2106 θανάτῳ
699 2017 742 2083 τδ
766 2018 815 2104 μὴ
919 2020 992 2085 εἴτι
1013 2022 1069 2105 τῆς
1085 2019 1237 2090 εἰωθυίας
1258 2016 1385 2106 διαίτης

353 2117 591 2187 α’ποθανιῖν
645 2119 815 2206 σοφισδ-
920 2122 1385 2208 ἐκβαίη,δυσθανατῶνδὲ
1447 2196 1451 2204 ,

352 2226 497 2306 μενος(
918 2223 1004 2291 ὑπὸ
1039 2231 1185 2308 σοφίας
1217 2225 1275 2296 εἰς
1309 2228 1382 2312 γῆ-

791 2340 794 2344 ’
860 2329 864 2415 Ι
918 2351 988 2411 ρας
1009 2322 1203 2410 ἀφίκετο]

439 2433 549 2498 Alium
571 2434 737 2520 Nyssenus
760 2455 801 2497 ex
823 2435 967 2498 Platonis
989 2433 1034 2498 rei
1060 2434 1206 2517 publicae
1235 2433 1314 2497 libro
1336 2435 1382 2499 X.

355 2539 430 2614 (614
460 2540 538 2621 seq.)
570 2539 665 2601 alfort
692 2539 809 2622 locum,
839 2559 912 2602 curn
941 2537 980 2602 de
1008 2537 1057 2621 iis,
1088 2537 1142 2620 qui
1177 2544 1382 2621 praemature

353 2641 561 2724 abripiuntur,
591 2641 748 2726 disputat:
787 2643 848 2725 ΙΠ,
881 2643 980 2708 1641)
1013 2645 1061 2707 10.
1108 2642 1175 2706 Illis
1205 2663 1246 2706 ex
1273 2643 1381 2704 verbis

353 2743 447 2807 simul
480 2750 614 2828 apparet
637 2745 827 2829 Gregorium
861 2746 910 2808 his
938 2744 1082 2809 Platonis
1115 2744 1281 2808 sententiis
1313 2765 1381 2808 non

353 2866 480 2910 omnem
504 2845 663 2931 denegare
685 2848 793 2914 fidem.
837 2849 927 2911 Dicit
948 2848 1033 2912 enim
1056 2848 1224 2910 Platonem
1252 2868 1380 2931 quoque

352 2948 392 3012 de
426 2949 601 3013 infantibus
636 2958 840 3036 praemature
873 2951 1013 3034 abreptis
1050 2950 1213 3034 scripsisse
1247 2986 1286 2994 -
1319 2949 1380 3012 sed

351 3053 419 3116 eins
435 3053 534 3136 ipsius
549 3053 724 3118 atteramus
740 3053 853 3118 verba:
870 3051 953 3130 ..μὶ
967 3045 1029 3136 χρὴ
1045 3047 1229 3132 γινώσκειν,
1244 3051 1380 3135 quaerit,

352 3155 440 3237 ,περὶ
463 3159 525 3218 τῶν
548 3150 615 3236 πρὸ
639 3148 722 3238 ὥρας
743 3149 1022 3238 ἆναρπαζομίνων,
1043 3149 1096 3234 ἐφ’
1117 3139 1162 3216 ὧν
1176 3150 1293 3234 μικροῦ
1307 3152 1379 3213 δεῖν

351 3250 368 3340 ἡ
386 3263 503 3337 γένεσις
517 3259 562 3342 τῷ
577 3255 709 3342 θανάτῳ
731 3257 943 3338 συνάπτεται,
961 3257 1013 3320 καί
1038 3253 1056 3318 ὁ
1078 3253 1206 3337 σοφὸς
1228 3252 1269 3318 ἐν
1290 3261 1355 3318 τοῐ
1361 3276 1379 3324 ς

350 3356 423 3433 ἔξω
453 3360 625 3424 Πλάτων
657 3358 785 3425 πολλὰ
820 3357 860 3423 ἐκ
893 3356 1118 3441 προσώπου
1150 3354 1378 3440 ἀναβεβιω-

349 3461 470 3533 κότος
505 3465 601 3546 περὶ
637 3466 715 3528 τῶν
743 3461 912 3528 ἐκεῖθεν
940 3465 1219 3546 δικαστηρίων
1256 3459 1376 3543 φιλο-

350 3562 551 3650 σοφήσας,
574 3563 731 3652 ἀφῆκεν
755 3562 968 3650 ἀπόρρητα
990 3561 1041 3636 ὦς
1061 3569 1279 3645 κρείττονα
1303 3558 1376 3626 ὄν-

348 3690 391 3732 τα
412 3666 566 3754 δηλαδὴ
596 3661 616 3753 ἢ
639 3661 722 3733 ὥστε
743 3663 808 3732 ὑπὸ
832 3665 985 3749 λογισμὸν
1007 3664 1217 3748 ἀνθρώπινοι·
1239 3663 1374 3733 ἐλθεῖν.6

434 3773 527 3836 Plato
550 3774 619 3837 loco
642 3781 889 3839 commemorato
916 3773 1087 3836 Alcinoum
1116 3771 1276 3856 quendam
1308 3771 1375 3833 iam

347 3882 508 3940 mortuum
531 3877 720 3941 duodecimo
743 3877 795 3942 die
814 3878 967 3941 revixisse
982 3882 1099 3958 narrat,
1122 3895 1258 3959 eumque
1273 3873 1375 3936 multo

348 3979 388 4043 de
410 3979 544 4063 iudiciis,
568 4001 650 4063 quae
673 3980 758 4064 apud
782 3981 899 4044 inferos
922 3984 1142 4060 exerceantur,
1163 3977 1374 4040 disserentem

348 4083 425 4146 lacit
447 4082 521 4146 inde
544 4105 563 4146 a
586 4083 688 4148 614ss
711 4104 812 4167 usque
835 4083 876 4146 ad
900 4085 959 4147 621
974 4082 1012 4147 Β.
1057 4082 1130 4155 Qua
1159 4101 1201 4144 ex
1229 4079 1373 4143 oratione

346 4187 447 4249 multa
469 4187 531 4250 alia
555 4186 743 4271 Gregorium
767 4186 924 4270 sumpisse
947 4191 1059 4270 postea
1088 4185 1152 4248 iam
1181 4181 1372 4247 ridebimus.

345 4288 454 4354 Verba
476 4295 582 4354 autem
606 4289 760 4373 Platonis,
790 4288 831 4351 ad
861 4309 943 4372 quae
965 4287 1025 4351 hoo
1047 4287 1116 4350 loco
1145 4284 1267 4367 alludit,
1296 4290 1375 4347 sunt
