3042 5084
545 510 758 575 .-13-

140 682 249 739 autem
273 676 393 739 11111111
415 676 494 740 mihi
517 697 587 740 1111
609 677 744 760 ridetur,
768 676 853 762 quod
877 679 1047 761 Gregorius
1069 680 1103 741 in
1117 678 1166 740 his

140 779 184 842 de·
197 779 346 842 universa
361 779 631 857 humananatura
647 781 813 844 sententiis
829 780 1011 864 Origenem,
1026 781 1166 844 maxime

139 901 216 947 vero
249 881 417 944 Philonem
451 902 559 965 presse
593 888 720 946 secutus
754 889 803 946 est
839 884 892 959 (cf.
927 883 1050 948 Heinze
1084 883 1166 965 „Die

139 984 247 1048 Lehre
275 1005 348 1048 vom
371 985 482 1069 Logos
508 986 528 1050 i.
559 985 589 1050 d.
619 986 738 1069 griech.
769 986 888 1052 Philos.
922 990 1014 1071 1872,
1043 1010 1074 1072 p.
1094 991 1166 1052 ⁴260

141 1089 234 1171 seq).
272 1087 364 1150 Philo
388 1089 473 1151 enim
490 1087 585 1152 deum
601 1089 714 1153 eodem
729 1089 825 1152 modo
841 1095 914 1153 ante
931 1111 1025 1154 omne
1041 1097 1166 1175 tempus

139 1191 321 1254 universam
344 1190 518 1254 humanam
547 1171 694 1254 naturam
724 1193 865 1276 singulos
895 1193 1040 1257 homines
1069 1195 1102 1256 11
1131 1215 1165 1258 11

140 1294 357 1358 continentem
381 1315 505 1358 creasse
529 1294 605 1357 dicit
629 1295 722 1372 (Phil.
746 1295 763 1358 Ι
791 1317 822 1379 p.
852 1297 893 1360 46
924 1317 989 1380 seq.
1010 1297 1098 1361 Wdl.
1121 1297 1165 1380 H,

143 1401 203 1462 142
228 1419 292 1482 seq.
318 1433 356 1442 -
380 1397 622 1480 Ζ11111ΙΙΙ,24
644 1421 675 1483 p.
698 1401 761 1464 438
785 1401 874 1489 seq).

228 1500 350 1575 Quibus
366 1501 398 1563 in
414 1499 564 1565 doctrinis
580 1499 747 1565 Philonem
763 1503 858 1586 plane
873 1508 1007 1586 apparet
1021 1503 1164 1566 Platonis

141 1605 181 1668 de
205 1603 285 1668 ideis
309 1605 483 1668 1111111111
506 1605 538 1667 11
561 1626 654 1668 usum
677 1626 771 1668 suum
793 1607 996 1688 convertisse,
1019 1627 1094 1668 nam
1122 1605 1164 1688 id,

140 1706 226 1791 quod
252 1707 424 1770 humanam
448 1714 594 1770 naturam
617 1708 710 1771 Philo
733 1715 766 1772 et
790 1709 960 1792 Gregorius
989 1711 1165 1792 nominant,

140 1799 294 1889 Platonis
308 1818 357 1875 est
378 1811 450 1875 idea
473 1811 619 1894 hominis,
644 1804 679 1874 τὸ
697 1805 742 1893 ἕν,
756 1813 841 1897 quod
856 1813 990 1876 multum
1005 1812 1165 1897 quoddam

139 1915 173 1977 in
197 1935 231 1977 se
255 1915 404 1978 continet.
436 1914 526 1988 Quae
550 1915 727 1978 accuratius
750 1936 909 2000 exponere
930 1915 981 1979 hic
1004 1917 1163 1999 omittam3

140 2039 216 2080 nam
240 2017 366 2101 saepius
393 2017 441 2081 his
457 2018 600 2081 Platonis
624 2019 790 2081 sententiis
811 2019 999 2102 Gregorium
1021 2025 1164 2083 utentem

139 2119 318 2184 videbimus
344 2123 397 2196 (cf.
417 2141 490 2205 pag.
509 2124 546 2185 17
564 2122 653 2205 seq),
677 2121 801 2205 illisque
824 2122 900 2185 locis
916 2122 1007 2206 plura
1022 2122 1163 2186 afferam.

226 2223 297 2288 Etsi
320 2230 485 2308 praeterea
508 2226 642 2288 fortasse
664 2225 818 2287 nonnulla
843 2225 928 2309 apud
950 2226 1104 2290 Basilium
1132 2232 1165 2290 11
1235 2308 1238 2313 ⁴

140 2332 310 2410 utrumque
336 2327 524 2409 Gregorium
555 2331 691 2408 exstant,
726 2348 807 2411 quae
837 2349 908 2390 cum
931 2328 1074 2392 Philonis
1109 2330 1164 2392 ali·

141 2450 272 2492 orumve
306 2434 432 2512 patrum
473 2436 506 2493 et
540 2429 778 2492 Platonicorum
818 2431 994 2514 comparari
1033 2440 1167 2515 possunt

39 2549 45 2558 ·
141 2533 318 2615 sententiis,
341 2539 449 2604 tamen
472 2554 553 2616 quae
576 2533 666 2596 attuli
690 2534 766 2597 satis
789 2535 887 2598 luisse
909 2535 1029 2619 putavi,
1051 2535 1165 2620 quibus

142 2637 392 2700 demonstrarem
422 2638 541 2700 nullam
571 2638 695 2701 illorum
726 2626 948 2723 episcopordm
968 2639 1002 2702 in
1018 2639 1165 2723 operibus

141 2741 247 2805 inesse
277 2741 478 2824 sententiam,
514 2762 596 2824 quae
633 2740 674 2803 ad
703 2741 790 2826 ipsos
827 2742 944 2806 rediret
973 2742 1165 2808 Platonicos.

143 2845 231 2918 Quos
254 2845 294 2908 ab
317 2845 363 2907 eis
386 2844 484 2908 lectos
507 2865 577 2908 1111
601 2865 677 2908 1111
706 2846 878 2910 verisimile
907 2852 971 2930 cst;
1000 2846 1056 2910 sed
1082 2847 1166 2930 ipso·

141 2968 212 3010 rum
252 2947 377 3010 illorum
417 2948 583 3011 sententiis
622 2968 687 3010 non
728 2948 909 3013 utebantur.
968 2948 1166 3022 Quibuscum

142 3052 261 3135 optime
291 3050 435 3135 quadrat,
465 3051 550 3135 quod
578 3072 734 3136 nusquam
764 3052 1001 3115 Platonicorum
1031 3053 1166 3116 mentio·

141 3175 217 3217 nem
239 3154 367 3220 habent.

228 3257 354 3321 Primus
370 3278 411 3322 ex
422 3263 548 3342 patrum
561 3257 847 3321 ecclesiasticorum
859 3278 991 3322 numero
1003 3259 1166 3322 Plotinum

142 3362 282 3446 aliosque
327 3361 508 3448 Platonicos
552 3367 781 3424 commemorat
819 3360 987 3426 Nemeeius
1027 3362 1165 3426 Emesae

142 3464 309 3548 episcopus
328 3466 367 3539 (c.
384 3485 412 3528 a.
429 3465 515 3540 390).
554 3463 618 3527 Sed
633 3485 673 3527 ne
697 3464 723 3526 is
738 3464 868 3547 quidem
891 3485 1000 3528 eornm
1019 3487 1095 3528 usus
1118 3471 1167 3528 111

142 3558 308 3650 1111111111;
342 3567 398 3654 sed
421 3589 492 3632 cum
516 3568 738 3652 compendium
761 3568 923 3652 quoddam
947 3569 1165 3654 philosophiae

142 3669 365 3752 conscriberet,
392 3670 628 3734 Platonicorum
662 3672 802 3734 rationes
839 3672 964 3736 silentio
993 3674 1166 3757 praeterire

142 3793 205 3836 non
228 3774 339 3856 potuit.
385 3773 508 3838 Tamen
531 3775 699 3838 Platonem
722 3776 819 3840 vicies
841 3782 889 3840 ter
905 3814 943 3820 —
960 3776 1165 3841 Aristotelem

144 3875 274 3939 totidem
307 3877 384 3940 locis
418 3877 495 3940 citat
527 3883 560 3941 et
593 3879 779 3962 saepissime
819 3879 1000 3942 nominibus
1040 3880 1165 3944 omissis

143 3999 252 4043 eorum
280 3979 374 4044 affert
403 3981 587 4064 sententias,
611 3981 775 4045 Plotinum
805 4002 880 4046 vcro
913 3983 1013 4050 1111111
1042 3989 1166 4046 tantum

142 4089 371 4147 commemorat
394 4084 446 4161 (cl.
469 4104 542 4168 pag.
566 4086 597 4162 6)
621 4085 736 4169 quibus
765 4107 806 4149 ex
835 4085 940 4150 verbis
971 4107 1044 4150 eum
1067 4086 1166 4150 Ploti-

141 4207 218 4248 num
233 4187 412 4250 accuratius
428 4187 544 4271 legisse
560 4187 647 4252 ellici
662 4209 726 4251 non
740 4194 856 4272 potest.
890 4189 1101 4276 Porphyrium
1117 4196 1166 4254 ter

141 4296 380 4373 commemorat,
410 4289 532 4354 duobus
560 4290 648 4375 locis,
682 4292 796 4376 quibus
832 4313 890 4376 per
917 4293 1052 4356 ironiam
1089 4293 1165 4356 dicit
