3042 5084
741 497 961 564 ,⁸50-

336 671 433 735 utitur
454 671 515 754 ΙΙΙ,
538 669 643 734 369Α
670 673 684 733 l
711 720 717 734 .
743 719 749 734 .
774 669 835 745 ,καὶ
856 675 963 738 ποιεῖς
991 665 1026 731 τὸ
1053 669 1127 732 τῶν
1156 672 1293 748 κυνῶν,
1322 673 1372 736 οἱ

334 767 425 843 τούς
466 773 609 839 λίθους
652 769 885 844 δάκνουσιν,
939 773 1007 833 τοῦ
1049 767 1274 850 βάλλοντος
1318 770 1369 837 οὐ

335 869 706 954 ιτροααιττάμενοι;ί
741 874 856 957 quibus
885 875 991 938 verbis
1021 876 1120 939 iratus
1150 875 1244 938 homo
1274 899 1365 962 eum-

335 985 466 1064 puratur
488 999 560 1043 uum
584 998 671 1041 eane.

420 1081 472 1146 Ex
506 1080 684 1164 Republica
728 1081 901 1163 Gregorius
941 1101 1035 1166 porro
1074 1082 1152 1145 mihi
1189 1085 1369 1168 sumpsisse

336 1184 463 1248 videtur
484 1188 682 1267 arguments,
712 1183 827 1266 quibus
850 1183 943 1247 Pluto
965 1184 1060 1247 deum
1084 1184 1117 1248 in
1140 1185 1219 1248 alius
1242 1187 1368 1250 formes

335 1308 370 1351 se
404 1293 528 1351 mutare
563 1307 625 1349 non
660 1307 754 1370 posse
789 1285 1002 1352 demonstrat:
1036 1287 1080 1370 ΙΙ,
1104 1289 1208 1352 3801)
1233 1310 1298 1374 seq.
1330 1296 1368 1353 et

333 1388 438 1454 381Α
461 1411 543 1474 seq.:
580 1387 656 1465 ,πᾶν
684 1385 722 1449 τὸ
751 1388 852 1458 καλῶς
880 1384 962 1468 ἔχον,
992 1384 1158 1472 ἐλαχίστην
1185 1386 1368 1474 μεταβολὴν
1436 1403 1447 1416 ··

334 1487 386 1554 ὑπ’
416 1486 512 1553 ἄλλον
541 1486 702 1568 ἐνδέχεται
736 1542 742 1556 .
769 1540 806 1555 ..
842 1483 918 1553 ἀλλά
949 1485 1016 1574 μην
1044 1486 1061 1553 δ
1092 1489 1170 1561 θεάς
1191 1512 1225 1571 γε
1246 1492 1297 1554 καὶ
1319 1491 1362 1556 τὰ

331 1592 389 1656 τοῦ
409 1594 492 1656 θεοῦ
514 1595 620 1675 πάντη
643 1587 760 1675 ἄριστα
782 1590 855 1668 ἔχει.

416 1694 510 1778 εἴιτερ
540 1688 729 1768 ἀλλοιοῦται,
760 1687 854 1764 αὐτὸς
882 1691 981 1758 αδτὸν
1010 1692 1202 1778 μεταβάλλοι
1230 1689 1270 1760 ἄν
1299 1700 1363 1762 καὶ

330 1795 462 1866 άλλοιοῑ.
514 1796 656 1880 πότερον
685 1789 742 1861 οὖν
778 1796 832 1861 ἐπὶ
860 1792 898 1860 τά
927 1796 1054 1879 βέλτιόν
1085 1821 1118 1862 ιε
1145 1802 1195 1862 καὶ
1224 1799 1359 1865 κάλλιον

331 1900 522 1981 μεταβάλλει
560 1897 675 1963 ἑαυτὸν
710 1895 729 1985 ἢ
762 1898 817 1963 ἐπὶ
856 1898 894 1962 τά
929 1908 1036 1982 χεῖρον
1072 1903 1123 1964 καὶ
1159 1898 1196 1964 τά
1235 1902 1365 1979 αἴσχιον

331 2002 460 2087 ἑαυταῖς
493 1997 610 2088 ἀνάγκη
634 2054 640 2068 .
665 2055 701 2072 ..
734 1999 790 2065 εἰνὶ
819 1997 858 2066 τὸ
886 2011 1003 2083 χεῖρον,
1035 2003 1130 2083 εἴπερ
1157 2000 1362 2074 utinensem?

332 2147 370 2154 ——
400 2108 463 2173 Sed
493 2129 596 2192 neque
625 2108 703 2172 deus
738 2129 842 2192 neque
878 2109 972 2171 homo
1006 2105 1096 2182 ,ἑκών
1128 2104 1228 2170 αὑτὸν
1261 2113 1360 2186 χείρω

329 2213 443 2274 ποιεῖν(
465 2210 542 2274 vult.
576 2200 742 2282 ,ἀδύνατον
764 2204 826 2290 άρα
850 2260 857 2273 .
882 2261 889 2276 .
914 2259 921 2273 .
944 2209 998 2271 καὶ
1019 2211 1093 2293 θεῷ·
1111 2206 1238 2273 ἐθέλειν
1254 2204 1357 2273 αὑτὸν

330 2304 485 2376 ἀλλοιοῦν.
530 2304 597 2374 ἀλλ’
620 2305 663 2380 ὥς
685 2309 769 2374 ἔοικε
790 2311 956 2378 κάλλιστος
976 2312 1029 2373 καὶ
1050 2307 1181 2392 ἄριστος
1199 2306 1244 2374 ὧν
1258 2310 1303 2384 εἰς
1318 2313 1358 2376 τά

328 2411 466 2477 δυνατόν
494 2463 501 2478 .
526 2465 532 2480 .
557 2463 564 2478 .
587 2417 677 2492 μένει
699 2407 749 2476 αἐὶ
771 2405 880 2483 άπλιάς
901 2408 936 2476 ἐν
962 2413 1001 2498 τῇ
1028 2409 1126 2476 αὑτοῦ
1152 2416 1286 2500 μορφῇ]
1319 2453 1356 2461 —-

329 2519 446 2583 380E:
486 2511 538 2593 ,τά
576 2513 691 2594 άριστα
726 2512 840 2592 ἔχοντα
874 2508 993 2601 ἥκιστα
1020 2514 1206 2580 ἀλλοιοῦταί
1238 2538 1273 2580 τε
1306 2521 1360 2581 καὶ

328 2621 478 2684 κινεῖταιί.

417 2723 589 2808 Gregorius
633 2723 714 2786 hsne
752 2724 943 2788 sententiam
981 2724 1093 2788 iisdem
1132 2730 1227 2808 etque
1264 2725 1359 2788 Plato

327 2827 441 2912 probat
463 2827 674 2911 argumentis:
698 2826 724 2909 I,
747 2825 853 2890 499Α
875 2831 912 2891 6:
944 2825 1104 2908 ,κρείττων
1135 2821 1204 2889 ἐστὶ
1232 2825 1356 2911 τροπῆς

323 2948 358 2991 τε
387 2929 439 2991 καὶ
468 2921 666 2998 ἀλλοιώσεως
689 2923 708 3011 ἡ
731 2931 806 2989 θεία
828 2923 934 3006 φάσις.
979 2924 1017 2990 οὐ
1045 2923 1103 3010 γὰρ
1133 2926 1197 3006 ἔχει
1227 2925 1311 3011 πρὸς
1334 2923 1362 2990 δ’

322 3053 354 3094 τι
376 3029 532 3118 χρήσηται
552 3029 591 3115 τῇ
614 3031 727 3114 τροπῇ,
762 3029 820 3092 τοῦ
842 3028 903 3108 μὲν
924 3029 1021 3093 κακοῦ
1043 3025 1251 3100 άνειιίδεκτος
1273 3020 1358 3096 οὖσα
1404 3026 1407 3030 ’

322 3130 475 3199 καθόλου.
520 3131 604 3215 πρὸς
626 3131 665 3195 δὲ’
683 3131 721 3195 τὸ
745 3139 890 3213 κρεῖττον
911 3134 1073 3217 τραπῆναι
1100 3131 1146 3216 μὴ
1176 3134 1349 3218 δυναμένη.

331 3231 386 3300 οάκ
408 3233 551 3316 ἔστιγὰρ
573 3235 657 3316 πρὸς
687 3229 738 3298 ὅτι
764 3234 891 3318 δέξηται
920 3236 978 3320 τὴν
1007 3230 1183 3300 άλλοίοισιν.
1229 3231 1266 3298 οὐ
1297 3235 1361 3316 γάρ

336 3339 399 3418 ἔχει
415 3339 526 3424 ἑαυτῆς
536 3349 681 3420 κρεῖττον
692 3336 779 3419 πρὸς
792 3335 1053 3424 άμεταβησεταιέ
1077 3342 1186 3405 Simile
1198 3341 1224 3422 Ι,
1239 3343 1319 3405 1156
1329 3341 1361 3404 Β

333 3444 590 3527 —11,12530
622 3483 660 3490 —
692 3445 865 3528 Hunis
896 3443 1194 3526 —111,9206:
1230 3436 1292 3525 ,ἡζ
1317 3493 1359 3508 ..

335 3541 530 3628 ιιτερέχουαα
552 3557 664 3609 πᾶσαν
684 3541 811 3631 ἀγαθὴν
840 3544 965 3610 ἔννοιαν
993 3543 1089 3629 φάσις
1117 3598 1123 3611 .
1149 3599 1155 3612 ,
1180 3595 1187 3610 .
1216 3546 1361 3628 μηδενὸς

325 3645 441 3718 ἐνδεῶς
462 3647 577 3725 ἔχουσα
598 3653 662 3712 τῶν
685 3649 769 3730 πρὸς
789 3647 828 3713 τά
854 3643 982 3728 ἀγαθὸν
1005 3653 1205 3728 νοουμένων,“
1248 3651 1358 3714 Deum

324 3773 485 3816 summum
515 3755 633 3817 bonum
663 3775 732 3818 esse
764 3749 922 3830 ,ἐπέκεινα
944 3748 1068 3823 παντὸς
1089 3743 1223 3832 αἷγαέλοῑιί
1258 3754 1357 3817 etium

325 3856 418 3919 Philo
455 3856 605 3941 Iudaeus,
640 3857 785 3921 Plotinus
823 3859 939 3942 aliique
976 3857 1151 3920 secuudum
1185 3858 1356 3922 Platonem

322 3958 515 4024 docuerunt:
551 3960 643 4023 Pluto
663 3959 744 4044 Rep.
768 3962 828 4024 381
844 3960 887 4025 O:
912 3950 959 4037 ,οὐ
983 4011 989 4025 ,
1015 4009 1022 4024 .
1047 4009 1054 4023 .
1078 3954 1174 4042 §virgi
1198 3977 1233 4033 γε
1257 3953 1358 4041 φησι·

322 4080 383 4140 μευ
404 4057 461 4123 τὸν
482 4055 564 4124 θεὸν
585 4060 717 4133 κάλλους
739 4054 760 4146 ἢ
781 4053 897 4145 άρετης
919 4053 1019 4131 sivae!
1030 4064 1054 4141 ¹)

412 4199 433 4265 ¹)
452 4196 496 4251 Of.
523 4195 595 4249 Plot.
622 4196 644 4264 I,
663 4197 688 4264 8,
707 4196 737 4248 2:
769 4193 804 4249 τά
830 4191 853 4247 δ’
887 4195 1013 4264 (bonum)
1039 4195 1117 4251 ἐστὶν
1141 4192 1267 4260 ἀνενδιὲς,

324 4278 439 4353 μηδενὸς
458 4277 587 4352 δεόμενον
607 4327 611 4340 .
631 4325 638 4338 .
658 4320 664 4334 .
684 4282 716 4350 V,
737 4283 796 4351 1,4
818 4315 847 4320 —
870 4282 904 4351 V,
921 4286 948 4349 5,
966 4283 991 4335 9.
