<?xml version="1.0" encoding="UTF-8"?>
<!DOCTYPE html PUBLIC "-//W3C//DTD XHTML 1.0 Transitional//EN"
    "http://www.w3.org/TR/xhtml1/DTD/xhtml1-transitional.dtd">
<html xmlns="http://www.w3.org/1999/xhtml" xml:lang="en" lang="en">
 <head>
  <title>
</title>
<meta http-equiv="Content-Type" content="text/html;charset=utf-8" />
  <meta name='ocr-system' content='tesseract 3.04.00' />
  <meta name='ocr-capabilities' content='ocr_page ocr_carea ocr_par ocr_line ocrx_word'/>
</head>
<body>
  <div class='ocr_page' id='page_1' title='image "./debasiliogregor00grongoog_0061.png"; bbox 0 0 3042 5084; ppageno 0'>
   <div class='ocr_carea' id='block_1_1' title="bbox 579 526 790 588">
    <p class='ocr_par' dir='ltr' id='par_1_1' title="bbox 579 526 790 588">
     <span class='ocr_line' id='line_1_1' title="bbox 579 526 790 588; baseline 0.014 -19"><span class='ocrx_word' id='word_1_1' title='bbox 579 526 790 588; x_wconf 59' lang='lat'><strong>„45-</strong></span> 
     </span>
    </p>
   </div>
   <div class='ocr_carea' id='block_1_2' title="bbox 159 684 1200 981">
    <p class='ocr_par' dir='ltr' id='par_1_2' title="bbox 159 684 1200 981">
     <span class='ocr_line' id='line_1_2' title="bbox 161 684 1197 776; baseline -0.002 -21"><span class='ocrx_word' id='word_1_2' title='bbox 161 696 283 765; x_wconf 84' lang='grc' dir='ltr'><em>πίνειν,</em></span> <span class='ocrx_word' id='word_1_3' title='bbox 304 684 384 756; x_wconf 79' lang='grc' dir='ltr'><strong><em>ἀλλὰ</em></strong></span> <span class='ocrx_word' id='word_1_4' title='bbox 406 692 589 756; x_wconf 87' lang='grc' dir='ltr'><strong><em>θεᾶσθαι</em></strong></span> <span class='ocrx_word' id='word_1_5' title='bbox 611 691 742 774; x_wconf 89' lang='grc' dir='ltr'><strong><em>μόνον</em></strong></span> <span class='ocrx_word' id='word_1_6' title='bbox 763 691 829 756; x_wconf 81' lang='grc' dir='ltr'><strong>καὶ</strong></span> <span class='ocrx_word' id='word_1_7' title='bbox 850 698 1046 758; x_wconf 80' lang='grc' dir='ltr'><strong><em>συνεῖναι.</em></strong></span> <span class='ocrx_word' id='word_1_8' title='bbox 1068 694 1102 754; x_wconf 86' lang='grc' dir='ltr'><strong>τί</strong></span> <span class='ocrx_word' id='word_1_9' title='bbox 1116 693 1197 776; x_wconf 80' lang='grc' dir='ltr'><strong><em>δητα</em></strong></span> 
     </span>
     <span class='ocr_line' id='line_1_3' title="bbox 161 787 1196 880; baseline -0.005 -18"><span class='ocrx_word' id='word_1_10' title='bbox 161 847 170 862; x_wconf 93' lang='grc'><strong>.</strong></span> <span class='ocrx_word' id='word_1_11' title='bbox 200 847 207 862; x_wconf 91' lang='grc'><strong>.</strong></span> <span class='ocrx_word' id='word_1_12' title='bbox 232 849 239 862; x_wconf 93' lang='grc'><strong>.</strong></span> <span class='ocrx_word' id='word_1_13' title='bbox 264 794 402 875; x_wconf 88' lang='grc' dir='ltr'><strong><em>οἰόμεθα</em></strong></span> <span class='ocrx_word' id='word_1_14' title='bbox 425 794 520 880; x_wconf 79' lang='grc' dir='ltr'><strong><em>εἴτην</em></strong></span> <span class='ocrx_word' id='word_1_15' title='bbox 539 801 660 876; x_wconf 84' lang='grc' dir='ltr'><strong><em>γε’νοιτο</em></strong></span> <span class='ocrx_word' id='word_1_16' title='bbox 682 787 759 859; x_wconf 86' lang='grc' dir='ltr'><strong><em>ιιότό</em></strong></span> <span class='ocrx_word' id='word_1_17' title='bbox 782 789 821 859; x_wconf 82' lang='grc' dir='ltr'><strong>τὸ</strong></span> <span class='ocrx_word' id='word_1_18' title='bbox 842 789 943 858; x_wconf 82' lang='grc' dir='ltr'><strong><em>καλὸν</em></strong></span> <span class='ocrx_word' id='word_1_19' title='bbox 963 792 1043 858; x_wconf 83' lang='grc' dir='ltr'><strong><em>ἰδεῖν</em></strong></span> <span class='ocrx_word' id='word_1_20' title='bbox 1064 792 1196 876; x_wconf 81' lang='grc' dir='ltr'><strong><em>εἰλικρι-</em></strong></span> 
     </span>
     <span class='ocr_line' id='line_1_4' title="bbox 159 892 1200 981; baseline 0.004 -25"><span class='ocrx_word' id='word_1_21' title='bbox 159 903 227 980; x_wconf 80' lang='grc' dir='ltr'><strong><em>νές,</em></strong></span> <span class='ocrx_word' id='word_1_22' title='bbox 249 894 397 981; x_wconf 84' lang='grc' dir='ltr'><strong><em>καθαρόν</em></strong></span> <span class='ocrx_word' id='word_1_23' title='bbox 420 949 427 964; x_wconf 92' lang='grc'><strong>.</strong></span> <span class='ocrx_word' id='word_1_24' title='bbox 452 949 459 963; x_wconf 93' lang='grc'><strong>.</strong></span> <span class='ocrx_word' id='word_1_25' title='bbox 483 920 509 980; x_wconf 86' lang='grc'><strong>.;</strong></span> <span class='ocrx_word' id='word_1_26' title='bbox 533 949 540 964; x_wconf 90' lang='grc'><strong>.</strong></span> <span class='ocrx_word' id='word_1_27' title='bbox 565 950 573 965; x_wconf 91' lang='grc'><strong>.</strong></span> <span class='ocrx_word' id='word_1_28' title='bbox 597 949 604 964; x_wconf 90' lang='grc'><strong>.</strong></span> <span class='ocrx_word' id='word_1_29' title='bbox 628 893 768 980; x_wconf 78' lang='grc' dir='ltr'><strong><em>όπὰρχει</em></strong></span> <span class='ocrx_word' id='word_1_30' title='bbox 798 903 854 977; x_wconf 91' lang='lat' dir='ltr'><strong>(sc.</strong></span> <span class='ocrx_word' id='word_1_31' title='bbox 877 892 976 980; x_wconf 76' lang='grc' dir='ltr'><strong><em>αὐτῷ)</em></strong></span> <span class='ocrx_word' id='word_1_32' title='bbox 1005 897 1200 979; x_wconf 74' lang='grc' dir='ltr'><em>θεοφιλεῖ</em></span> 
     </span>
    </p>
   </div>
   <div class='ocr_carea' id='block_1_3' title="bbox 152 994 1194 4379">
    <p class='ocr_par' dir='ltr' id='par_1_3' title="bbox 160 994 1194 1195">
     <span class='ocr_line' id='line_1_5' title="bbox 161 994 1194 1087; baseline -0.002 -23"><span class='ocrx_word' id='word_1_33' title='bbox 161 1005 328 1080; x_wconf 85' lang='grc' dir='ltr'><strong><em>γενέσθαι,</em></strong></span> <span class='ocrx_word' id='word_1_34' title='bbox 361 1002 414 1066; x_wconf 76' lang='grc' dir='ltr'><strong>καὶ</strong></span> <span class='ocrx_word' id='word_1_35' title='bbox 444 998 538 1078; x_wconf 72' lang='grc' dir='ltr'><strong><em>εἴπερ</em></strong></span> <span class='ocrx_word' id='word_1_36' title='bbox 570 1025 615 1087; x_wconf 80' lang='grc' dir='ltr'><strong>τη</strong></span> <span class='ocrx_word' id='word_1_37' title='bbox 643 997 728 1086; x_wconf 80' lang='grc' dir='ltr'><strong><em>ἄλλῳ</em></strong></span> <span class='ocrx_word' id='word_1_38' title='bbox 749 996 933 1082; x_wconf 77' lang='grc' dir='ltr'><strong><em>ἀνθρώπων</em></strong></span> <span class='ocrx_word' id='word_1_39' title='bbox 954 994 1111 1083; x_wconf 61' lang='lat' dir='ltr'><strong>dumoso</strong></span> <span class='ocrx_word' id='word_1_40' title='bbox 1142 1001 1194 1062; x_wconf 77' lang='grc' dir='ltr'><strong>καὶ</strong></span> 
     </span>
     <span class='ocr_line' id='line_1_6' title="bbox 160 1093 987 1195; baseline 0 -27"><span class='ocrx_word' id='word_1_41' title='bbox 160 1103 299 1190; x_wconf 73' lang='grc' dir='ltr'><strong><em>ἐκείνη).</em></strong></span> <span class='ocrx_word' id='word_1_42' title='bbox 682 1093 685 1102; x_wconf 52' lang='grc'><strong>’</strong></span> <span class='ocrx_word' id='word_1_43' title='bbox 981 1185 987 1195; x_wconf 32' lang='grc'><strong>.</strong></span> 
     </span>
    </p>

    <p class='ocr_par' dir='ltr' id='par_1_4' title="bbox 156 1209 1194 2325">
     <span class='ocr_line' id='line_1_7' title="bbox 252 1209 1192 1295; baseline 0.003 -22"><span class='ocrx_word' id='word_1_44' title='bbox 252 1211 450 1284; x_wconf 82' lang='lat' dir='ltr'><strong>Quibuscum</strong></span> <span class='ocrx_word' id='word_1_45' title='bbox 473 1209 667 1274; x_wconf 82' lang='lat' dir='ltr'><strong>conferenda</strong></span> <span class='ocrx_word' id='word_1_46' title='bbox 689 1231 815 1294; x_wconf 90' lang='lat' dir='ltr'><strong>quoque</strong></span> <span class='ocrx_word' id='word_1_47' title='bbox 830 1216 906 1274; x_wconf 89' lang='lat' dir='ltr'><strong>sunt</strong></span> <span class='ocrx_word' id='word_1_48' title='bbox 919 1210 998 1274; x_wconf 83' lang='lat' dir='ltr'><strong>baec</strong></span> <span class='ocrx_word' id='word_1_49' title='bbox 1010 1211 1037 1295; x_wconf 92' lang='grc' dir='ltr'><strong>Ι,</strong></span> <span class='ocrx_word' id='word_1_50' title='bbox 1050 1211 1192 1276; x_wconf 79' lang='lat' dir='ltr'><strong>781Bs:</strong></span> 
     </span>
     <span class='ocr_line' id='line_1_8' title="bbox 160 1305 1194 1397; baseline -0.001 -22"><span class='ocrx_word' id='word_1_51' title='bbox 160 1311 357 1391; x_wconf 57' lang='lat' dir='ltr'><strong>,nrioopart</strong></span> <span class='ocrx_word' id='word_1_52' title='bbox 382 1313 554 1397; x_wconf 82' lang='lat' dir='ltr'><strong>Gregorius</strong></span> <span class='ocrx_word' id='word_1_53' title='bbox 577 1313 688 1397; x_wconf 88' lang='lat' dir='ltr'><strong>inquit,</strong></span> <span class='ocrx_word' id='word_1_54' title='bbox 719 1310 871 1390; x_wconf 75' lang='grc' dir='ltr'><strong><em>,σοφόν</em></strong></span> <span class='ocrx_word' id='word_1_55' title='bbox 898 1308 1015 1391; x_wconf 81' lang='grc' dir='ltr'><strong><em>λόγοις,</em></strong></span> <span class='ocrx_word' id='word_1_56' title='bbox 1039 1305 1090 1374; x_wconf 81' lang='grc' dir='ltr'><strong>ότι</strong></span> <span class='ocrx_word' id='word_1_57' title='bbox 1104 1309 1194 1396; x_wconf 77' lang='grc' dir='ltr'><strong>ψυχὴ</strong></span> 
     </span>
     <span class='ocr_line' id='line_1_9' title="bbox 159 1405 1192 1498; baseline 0 -20"><span class='ocrx_word' id='word_1_58' title='bbox 159 1425 254 1478; x_wconf 81' lang='grc' dir='ltr'><strong><em>πᾶσα</em></strong></span> <span class='ocrx_word' id='word_1_59' title='bbox 275 1411 355 1498; x_wconf 79' lang='grc' dir='ltr'><strong><em>καλή</em></strong></span> <span class='ocrx_word' id='word_1_60' title='bbox 377 1435 414 1478; x_wconf 91' lang='grc' dir='ltr'><strong><em>τε</em></strong></span> <span class='ocrx_word' id='word_1_61' title='bbox 434 1415 486 1478; x_wconf 84' lang='grc' dir='ltr'><strong>καὶ</strong></span> <span class='ocrx_word' id='word_1_62' title='bbox 508 1405 725 1497; x_wconf 83' lang='grc' dir='ltr'><strong><em>θεοφιλὴς,</em></strong></span> <span class='ocrx_word' id='word_1_63' title='bbox 749 1409 885 1476; x_wconf 75' lang='grc' dir='ltr'><strong><em>ἐπειδὰν</em></strong></span> <span class='ocrx_word' id='word_1_64' title='bbox 906 1411 963 1476; x_wconf 77' lang='grc' dir='ltr'><strong>τοὺ</strong></span> <span class='ocrx_word' id='word_1_65' title='bbox 987 1415 1192 1478; x_wconf 81' lang='grc' dir='ltr'><strong><em>συνδεδε-</em></strong></span> 
     </span>
     <span class='ocr_line' id='line_1_10' title="bbox 157 1514 1193 1596; baseline 0 -16"><span class='ocrx_word' id='word_1_66' title='bbox 157 1523 290 1596; x_wconf 79' lang='grc' dir='ltr'><strong><em>μένον</em></strong></span> <span class='ocrx_word' id='word_1_67' title='bbox 321 1517 512 1580; x_wconf 83' lang='grc' dir='ltr'><strong><em>λυθεῖσα</em></strong></span> <span class='ocrx_word' id='word_1_68' title='bbox 534 1515 720 1595; x_wconf 86' lang='grc' dir='ltr'><strong><em>σώματος</em></strong></span> <span class='ocrx_word' id='word_1_69' title='bbox 744 1518 877 1594; x_wconf 86' lang='lat' dir='ltr'><strong>(Phacd.</strong></span> <span class='ocrx_word' id='word_1_70' title='bbox 902 1518 978 1584; x_wconf 78' lang='grc'><strong>670</strong></span> <span class='ocrx_word' id='word_1_71' title='bbox 1000 1520 1055 1596; x_wconf 85' lang='lat' dir='ltr'><strong>al.)</strong></span> <span class='ocrx_word' id='word_1_72' title='bbox 1083 1514 1193 1581; x_wconf 77' lang='grc' dir='ltr'><strong><em>ἐνθέν-</em></strong></span> 
     </span>
     <span class='ocr_line' id='line_1_11' title="bbox 157 1613 1193 1705; baseline -0.001 -21"><span class='ocrx_word' id='word_1_73' title='bbox 157 1613 390 1705; x_wconf 62' lang='lat' dir='ltr'><strong>destinationi</strong></span> <span class='ocrx_word' id='word_1_74' title='bbox 413 1672 421 1687; x_wconf 93' lang='grc'><strong>.</strong></span> <span class='ocrx_word' id='word_1_75' title='bbox 445 1673 452 1686; x_wconf 92' lang='grc'><strong>.</strong></span> <span class='ocrx_word' id='word_1_76' title='bbox 476 1670 485 1688; x_wconf 91' lang='grc'><strong>.</strong></span> <span class='ocrx_word' id='word_1_77' title='bbox 508 1616 551 1683; x_wconf 79' lang='grc' dir='ltr'><strong>ἐν</strong></span> <span class='ocrx_word' id='word_1_78' title='bbox 574 1622 732 1704; x_wconf 79' lang='grc' dir='ltr'><strong><em>θεωρίᾳ</em></strong></span> <span class='ocrx_word' id='word_1_79' title='bbox 754 1618 823 1682; x_wconf 76' lang='grc' dir='ltr'><strong>τοῦ</strong></span> <span class='ocrx_word' id='word_1_80' title='bbox 843 1625 1047 1699; x_wconf 80' lang='grc' dir='ltr'><strong><em>μένοντος</em></strong></span> <span class='ocrx_word' id='word_1_81' title='bbox 1068 1613 1193 1704; x_wconf 77' lang='grc' dir='ltr'><strong><em>αὐτὴν</em></strong></span> 
     </span>
     <span class='ocr_line' id='line_1_12' title="bbox 157 1718 1192 1809; baseline -0.001 -21"><span class='ocrx_word' id='word_1_82' title='bbox 157 1724 283 1788; x_wconf 79' lang='grc' dir='ltr'><strong><em>καλοῦ</em></strong></span> <span class='ocrx_word' id='word_1_83' title='bbox 310 1727 511 1809; x_wconf 77' lang='grc' dir='ltr'><strong><em>γενομένη</em></strong></span> <span class='ocrx_word' id='word_1_84' title='bbox 535 1777 542 1790; x_wconf 93' lang='grc'><strong>.</strong></span> <span class='ocrx_word' id='word_1_85' title='bbox 567 1775 574 1790; x_wconf 91' lang='grc'><strong>.</strong></span> <span class='ocrx_word' id='word_1_86' title='bbox 599 1775 606 1791; x_wconf 94' lang='grc'><strong>.</strong></span> <span class='ocrx_word' id='word_1_87' title='bbox 630 1723 719 1795; x_wconf 78' lang='grc' dir='ltr'><strong><em>λλέιος</em></strong></span> <span class='ocrx_word' id='word_1_88' title='bbox 740 1731 841 1803; x_wconf 85' lang='grc' dir='ltr'><strong><em>χωρεῖ</em></strong></span> <span class='ocrx_word' id='word_1_89' title='bbox 859 1721 945 1805; x_wconf 82' lang='grc' dir='ltr'><strong><em>πρὸς</em></strong></span> <span class='ocrx_word' id='word_1_90' title='bbox 965 1718 1027 1788; x_wconf 82' lang='grc' dir='ltr'><strong>τόν</strong></span> <span class='ocrx_word' id='word_1_91' title='bbox 1045 1721 1192 1807; x_wconf 77' lang='grc' dir='ltr'><strong><em>ἑαυτῆς</em></strong></span> 
     </span>
     <span class='ocr_line' id='line_1_13' title="bbox 157 1821 1189 1911; baseline 0.003 -21"><span class='ocrx_word' id='word_1_92' title='bbox 157 1828 398 1911; x_wconf 78' lang='grc' dir='ltr'><strong><em>δεσπότην,</em></strong></span> <span class='ocrx_word' id='word_1_93' title='bbox 415 1821 530 1908; x_wconf 78' lang='grc' dir='ltr'><strong><em>ὥσπερ</em></strong></span> <span class='ocrx_word' id='word_1_94' title='bbox 545 1821 878 1910; x_wconf 81' lang='grc' dir='ltr'><strong><em>τιδεσμιοτήριον</em></strong></span> <span class='ocrx_word' id='word_1_95' title='bbox 897 1825 1040 1903; x_wconf 83' lang='grc' dir='ltr'><strong><em>χαλεπόν</em></strong></span> <span class='ocrx_word' id='word_1_96' title='bbox 1056 1829 1189 1907; x_wconf 89' lang='lat' dir='ltr'><strong>(Phaed.</strong></span> 
     </span>
     <span class='ocr_line' id='line_1_14' title="bbox 161 1921 1189 2016; baseline -0.003 -20"><span class='ocrx_word' id='word_1_97' title='bbox 161 1935 226 1996; x_wconf 91' lang='grc'><strong>114</strong></span> <span class='ocrx_word' id='word_1_98' title='bbox 246 1932 289 2016; x_wconf 82' lang='grc' dir='ltr'><strong>Ο;</strong></span> <span class='ocrx_word' id='word_1_99' title='bbox 324 1932 410 1996; x_wconf 83' lang='lat' dir='ltr'><strong>Grai.</strong></span> <span class='ocrx_word' id='word_1_100' title='bbox 438 1935 501 1996; x_wconf 78' lang='lat'><strong>400</strong></span> <span class='ocrx_word' id='word_1_101' title='bbox 521 1930 560 2008; x_wconf 83' lang='lat' dir='ltr'><strong>O)</strong></span> <span class='ocrx_word' id='word_1_102' title='bbox 600 1921 660 1993; x_wconf 87' lang='grc' dir='ltr'><strong>τόν</strong></span> <span class='ocrx_word' id='word_1_103' title='bbox 696 1926 837 1993; x_wconf 77' lang='grc' dir='ltr'><strong><em>ἐνταῦθα</em></strong></span> <span class='ocrx_word' id='word_1_104' title='bbox 868 1934 941 2012; x_wconf 75' lang='grc' dir='ltr'><strong><em>βίον</em></strong></span> <span class='ocrx_word' id='word_1_105' title='bbox 968 1922 1189 2012; x_wconf 79' lang='grc' dir='ltr'><strong><em>όποφνγοῦσα,</em></strong></span> 
     </span>
     <span class='ocr_line' id='line_1_15' title="bbox 156 2026 1187 2116; baseline -0.001 -19"><span class='ocrx_word' id='word_1_106' title='bbox 156 2035 212 2097; x_wconf 82' lang='grc' dir='ltr'><strong>καὶ</strong></span> <span class='ocrx_word' id='word_1_107' title='bbox 234 2027 291 2104; x_wconf 82' lang='grc' dir='ltr'><strong>τὰς</strong></span> <span class='ocrx_word' id='word_1_108' title='bbox 312 2038 606 2113; x_wconf 66' lang='grc' dir='ltr'><strong><em>περικειμένας</em></strong></span> <span class='ocrx_word' id='word_1_109' title='bbox 628 2026 941 2116; x_wconf 79' lang='grc' dir='ltr'><strong><em>α’ποσεισαμένη</em></strong></span> <span class='ocrx_word' id='word_1_110' title='bbox 962 2035 1105 2105; x_wconf 81' lang='grc' dir='ltr'><strong><em>πέδας,</em></strong></span> <span class='ocrx_word' id='word_1_111' title='bbox 1134 2028 1187 2115; x_wconf 76' lang='grc' dir='ltr'><strong>ὑφ’</strong></span> 
     </span>
     <span class='ocr_line' id='line_1_16' title="bbox 158 2122 1189 2220; baseline 0.005 -23"><span class='ocrx_word' id='word_1_112' title='bbox 158 2122 207 2198; x_wconf 74' lang='grc' dir='ltr'><strong>ὧν</strong></span> <span class='ocrx_word' id='word_1_113' title='bbox 234 2131 281 2198; x_wconf 85' lang='grc' dir='ltr'><strong>τό</strong></span> <span class='ocrx_word' id='word_1_114' title='bbox 311 2135 382 2220; x_wconf 78' lang='grc' dir='ltr'><strong>τῆς</strong></span> <span class='ocrx_word' id='word_1_115' title='bbox 415 2137 605 2204; x_wconf 91' lang='grc' dir='ltr'><strong><em>διανοιας</em></strong></span> <span class='ocrx_word' id='word_1_116' title='bbox 638 2129 793 2216; x_wconf 77' lang='grc' dir='ltr'><strong><em>πτερὸν</em></strong></span> <span class='ocrx_word' id='word_1_117' title='bbox 819 2135 1014 2198; x_wconf 53' lang='grc' dir='ltr'><strong><em>καθειλκετοι</em></strong></span> <span class='ocrx_word' id='word_1_118' title='bbox 1039 2137 1189 2213; x_wconf 88' lang='lat' dir='ltr'><strong>(Phaedr.</strong></span> 
     </span>
     <span class='ocr_line' id='line_1_17' title="bbox 158 2243 338 2325; baseline 0.011 -21"><span class='ocrx_word' id='word_1_119' title='bbox 158 2243 223 2305; x_wconf 80' lang='grc'><strong>246</strong></span> <span class='ocrx_word' id='word_1_120' title='bbox 247 2243 338 2325; x_wconf 86' lang='lat' dir='ltr'><strong>seq.).</strong></span> 
     </span>
    </p>

    <p class='ocr_par' dir='ltr' id='par_1_5' title="bbox 159 2325 1188 2636">
     <span class='ocr_line' id='line_1_18' title="bbox 248 2325 1188 2428; baseline 0 -22"><span class='ocrx_word' id='word_1_121' title='bbox 248 2344 372 2418; x_wconf 83' lang='lat' dir='ltr'><strong>Quibus</strong></span> <span class='ocrx_word' id='word_1_122' title='bbox 395 2325 428 2406; x_wconf 90' lang='lat' dir='ltr'><strong>in</strong></span> <span class='ocrx_word' id='word_1_123' title='bbox 451 2344 597 2407; x_wconf 91' lang='lat' dir='ltr'><strong>omnibus</strong></span> <span class='ocrx_word' id='word_1_124' title='bbox 613 2343 756 2406; x_wconf 89' lang='lat' dir='ltr'><strong>Platonis</strong></span> <span class='ocrx_word' id='word_1_125' title='bbox 779 2343 884 2406; x_wconf 80' lang='lat' dir='ltr'><strong>verbis</strong></span> <span class='ocrx_word' id='word_1_126' title='bbox 907 2349 1002 2428; x_wconf 90' lang='lat' dir='ltr'><strong>atque</strong></span> <span class='ocrx_word' id='word_1_127' title='bbox 1023 2343 1188 2408; x_wconf 77' lang='lat' dir='ltr'><strong>sententiis</strong></span> 
     </span>
     <span class='ocr_line' id='line_1_19' title="bbox 159 2445 1188 2530; baseline -0.002 -19"><span class='ocrx_word' id='word_1_128' title='bbox 159 2471 201 2512; x_wconf 83' lang='lat' dir='ltr'><strong>ex</strong></span> <span class='ocrx_word' id='word_1_129' title='bbox 225 2446 399 2510; x_wconf 84' lang='lat' dir='ltr'><strong>Phaedone</strong></span> <span class='ocrx_word' id='word_1_130' title='bbox 420 2445 636 2530; x_wconf 78' lang='lat' dir='ltr'><strong>Convivioque</strong></span> <span class='ocrx_word' id='word_1_131' title='bbox 667 2445 807 2508; x_wconf 89' lang='lat' dir='ltr'><strong>consutis</strong></span> <span class='ocrx_word' id='word_1_132' title='bbox 829 2445 1067 2510; x_wconf 80' lang='lat' dir='ltr'><strong>Nazianzenum</strong></span> <span class='ocrx_word' id='word_1_133' title='bbox 1094 2468 1188 2509; x_wconf 90' lang='lat' dir='ltr'><strong>usum</strong></span> 
     </span>
     <span class='ocr_line' id='line_1_20' title="bbox 160 2552 516 2636; baseline -0.006 -21"><span class='ocrx_word' id='word_1_134' title='bbox 160 2573 232 2615; x_wconf 87' lang='lat' dir='ltr'><strong>esso</strong></span> <span class='ocrx_word' id='word_1_135' title='bbox 255 2552 349 2636; x_wconf 92' lang='lat' dir='ltr'><strong>plane</strong></span> <span class='ocrx_word' id='word_1_136' title='bbox 374 2557 516 2634; x_wconf 87' lang='lat' dir='ltr'><strong>apparot.</strong></span> 
     </span>
    </p>

    <p class='ocr_par' dir='ltr' id='par_1_6' title="bbox 244 2651 1163 2737">
     <span class='ocr_line' id='line_1_21' title="bbox 244 2651 1163 2737; baseline -0.001 -19"><span class='ocrx_word' id='word_1_137' title='bbox 244 2655 339 2718; x_wconf 90' lang='lat' dir='ltr'><strong>Nunc</strong></span> <span class='ocrx_word' id='word_1_138' title='bbox 360 2653 530 2717; x_wconf 88' lang='lat' dir='ltr'><strong>dicendum</strong></span> <span class='ocrx_word' id='word_1_139' title='bbox 553 2658 603 2716; x_wconf 91' lang='lat' dir='ltr'><strong>est</strong></span> <span class='ocrx_word' id='word_1_140' title='bbox 625 2651 665 2715; x_wconf 87' lang='lat' dir='ltr'><strong>de</strong></span> <span class='ocrx_word' id='word_1_141' title='bbox 688 2652 736 2735; x_wconf 89' lang='lat' dir='ltr'><strong>iis,</strong></span> <span class='ocrx_word' id='word_1_142' title='bbox 759 2673 842 2737; x_wconf 90' lang='lat' dir='ltr'><strong>quae</strong></span> <span class='ocrx_word' id='word_1_143' title='bbox 864 2673 907 2716; x_wconf 83' lang='lat' dir='ltr'><strong>ex</strong></span> <span class='ocrx_word' id='word_1_144' title='bbox 928 2654 1072 2717; x_wconf 81' lang='lat' dir='ltr'><strong>Platonis</strong></span> <span class='ocrx_word' id='word_1_145' title='bbox 1158 2681 1163 2701; x_wconf 84' lang='lat'>=</span> 
     </span>
    </p>

    <p class='ocr_par' dir='ltr' id='par_1_7' title="bbox 159 2755 1145 2944">
     <span class='ocr_line' id='line_1_22' title="bbox 519 2755 830 2840; baseline 0.003 -22"><span class='ocrx_word' id='word_1_146' title='bbox 519 2755 566 2818; x_wconf 89' lang='lat' dir='ltr'><strong>de</strong></span> <span class='ocrx_word' id='word_1_147' title='bbox 596 2756 830 2840; x_wconf 87' lang='lat' dir='ltr'><strong>Republica</strong></span> 
     </span>
     <span class='ocr_line' id='line_1_23' title="bbox 159 2859 1145 2944; baseline 0.002 -19"><span class='ocrx_word' id='word_1_148' title='bbox 159 2862 249 2925; x_wconf 89' lang='lat' dir='ltr'><strong>libris</strong></span> <span class='ocrx_word' id='word_1_149' title='bbox 273 2860 313 2924; x_wconf 89' lang='lat' dir='ltr'><strong>ad</strong></span> <span class='ocrx_word' id='word_1_150' title='bbox 336 2860 492 2924; x_wconf 91' lang='lat' dir='ltr'><strong>Basilium</strong></span> <span class='ocrx_word' id='word_1_151' title='bbox 515 2859 688 2943; x_wconf 86' lang='lat' dir='ltr'><strong>ambosque</strong></span> <span class='ocrx_word' id='word_1_152' title='bbox 713 2859 884 2942; x_wconf 90' lang='lat' dir='ltr'><strong>Gregorios</strong></span> <span class='ocrx_word' id='word_1_153' title='bbox 906 2868 1145 2944; x_wconf 79' lang='lat' dir='ltr'><strong>permanerunt.</strong></span> 
     </span>
    </p>

    <p class='ocr_par' dir='ltr' id='par_1_8' title="bbox 154 2961 1188 3959">
     <span class='ocr_line' id='line_1_24' title="bbox 247 2961 1187 3047; baseline 0.002 -21"><span class='ocrx_word' id='word_1_154' title='bbox 247 2964 389 3026; x_wconf 87' lang='lat' dir='ltr'><strong>Primum</strong></span> <span class='ocrx_word' id='word_1_155' title='bbox 405 2963 464 3047; x_wconf 90' lang='lat' dir='ltr'><strong>Ny</strong></span> <span class='ocrx_word' id='word_1_156' title='bbox 476 2983 637 3025; x_wconf 90' lang='lat' dir='ltr'><strong>ssenum</strong></span> <span class='ocrx_word' id='word_1_157' title='bbox 653 2961 797 3025; x_wconf 91' lang='lat' dir='ltr'><strong>Platonis</strong></span> <span class='ocrx_word' id='word_1_158' title='bbox 812 2962 1056 3046; x_wconf 85' lang='lat' dir='ltr'><strong>Rempublicam</strong></span> <span class='ocrx_word' id='word_1_159' title='bbox 1072 2964 1187 3047; x_wconf 84' lang='lat' dir='ltr'><strong>legisse</strong></span> 
     </span>
     <span class='ocr_line' id='line_1_25' title="bbox 159 3064 1188 3150; baseline -0.001 -20"><span class='ocrx_word' id='word_1_160' title='bbox 159 3089 202 3131; x_wconf 87' lang='lat' dir='ltr'><strong>ex</strong></span> <span class='ocrx_word' id='word_1_161' title='bbox 232 3065 445 3150; x_wconf 79' lang='lat' dir='ltr'><strong>compluribus</strong></span> <span class='ocrx_word' id='word_1_162' title='bbox 476 3066 580 3128; x_wconf 88' lang='lat' dir='ltr'><strong>elucet</strong></span> <span class='ocrx_word' id='word_1_163' title='bbox 609 3064 695 3129; x_wconf 91' lang='lat' dir='ltr'><strong>locis.</strong></span> <span class='ocrx_word' id='word_1_164' title='bbox 740 3064 785 3146; x_wconf 90' lang='grc' dir='ltr'><strong>Π,</strong></span> <span class='ocrx_word' id='word_1_165' title='bbox 811 3066 950 3129; x_wconf 85' lang='grc' dir='ltr'><strong>164Βὸ</strong></span> <span class='ocrx_word' id='word_1_166' title='bbox 978 3087 1044 3149; x_wconf 90' lang='lat' dir='ltr'><strong>seq.</strong></span> <span class='ocrx_word' id='word_1_167' title='bbox 1077 3072 1188 3129; x_wconf 87' lang='lat' dir='ltr'><strong>contra</strong></span> 
     </span>
     <span class='ocr_line' id='line_1_26' title="bbox 160 3166 1186 3252; baseline -0.001 -19"><span class='ocrx_word' id='word_1_168' title='bbox 160 3190 216 3233; x_wconf 89' lang='lat' dir='ltr'><strong>eos</strong></span> <span class='ocrx_word' id='word_1_169' title='bbox 233 3169 409 3252; x_wconf 80' lang='lat' dir='ltr'><strong>disputans,</strong></span> <span class='ocrx_word' id='word_1_170' title='bbox 421 3169 474 3251; x_wconf 92' lang='lat' dir='ltr'><strong>qui</strong></span> <span class='ocrx_word' id='word_1_171' title='bbox 491 3169 592 3230; x_wconf 88' lang='lat' dir='ltr'><strong>latum</strong></span> <span class='ocrx_word' id='word_1_172' title='bbox 609 3187 679 3230; x_wconf 92' lang='lat' dir='ltr'><strong>esse</strong></span> <span class='ocrx_word' id='word_1_173' title='bbox 694 3166 862 3249; x_wconf 81' lang='lat' dir='ltr'><strong>docebant,</strong></span> <span class='ocrx_word' id='word_1_174' title='bbox 878 3174 979 3231; x_wconf 88' lang='lat' dir='ltr'><strong>artem</strong></span> <span class='ocrx_word' id='word_1_175' title='bbox 994 3168 1186 3232; x_wconf 84' lang='lat' dir='ltr'><strong>medicinam</strong></span> 
     </span>
     <span class='ocr_line' id='line_1_27' title="bbox 159 3269 1185 3354; baseline 0.001 -20"><span class='ocrx_word' id='word_1_176' title='bbox 159 3271 237 3334; x_wconf 89' lang='lat' dir='ltr'><strong>dicit</strong></span> <span class='ocrx_word' id='word_1_177' title='bbox 260 3291 356 3354; x_wconf 86' lang='lat' dir='ltr'><strong>saepe</strong></span> <span class='ocrx_word' id='word_1_178' title='bbox 380 3271 444 3332; x_wconf 91' lang='lat' dir='ltr'><strong>iam</strong></span> <span class='ocrx_word' id='word_1_179' title='bbox 467 3269 524 3332; x_wconf 87' lang='lat' dir='ltr'><strong>lati</strong></span> <span class='ocrx_word' id='word_1_180' title='bbox 548 3270 604 3331; x_wconf 85' lang='lat' dir='ltr'><strong>iila</strong></span> <span class='ocrx_word' id='word_1_181' title='bbox 626 3270 802 3333; x_wconf 87' lang='lat' dir='ltr'><strong>retexuisse</strong></span> <span class='ocrx_word' id='word_1_182' title='bbox 825 3276 920 3354; x_wconf 88' lang='lat' dir='ltr'><strong>atque</strong></span> <span class='ocrx_word' id='word_1_183' title='bbox 948 3271 1185 3335; x_wconf 82' lang='lat' dir='ltr'><strong>retractarisse:</strong></span> 
     </span>
     <span class='ocr_line' id='line_1_28' title="bbox 157 3364 1186 3457; baseline 0.001 -23"><span class='ocrx_word' id='word_1_184' title='bbox 157 3368 203 3452; x_wconf 79' lang='grc' dir='ltr'><strong>,ἐξ</strong></span> <span class='ocrx_word' id='word_1_185' title='bbox 225 3370 365 3454; x_wconf 79' lang='grc' dir='ltr'><strong><em>ἰατρικῆς</em></strong></span> <span class='ocrx_word' id='word_1_186' title='bbox 387 3364 573 3450; x_wconf 84' lang='grc' dir='ltr'><strong><em>α’νεκλώσθη</em></strong></span> <span class='ocrx_word' id='word_1_187' title='bbox 601 3375 655 3454; x_wconf 78' lang='grc' dir='ltr'><strong>της</strong></span> <span class='ocrx_word' id='word_1_188' title='bbox 679 3420 735 3435; x_wconf 93' lang='grc'><strong>..,</strong></span> <span class='ocrx_word' id='word_1_189' title='bbox 766 3368 957 3457; x_wconf 78' lang='grc' dir='ltr'><strong><em>εἱμαρμένης</em></strong></span> <span class='ocrx_word' id='word_1_190' title='bbox 986 3365 1026 3434; x_wconf 78' lang='grc' dir='ltr'><strong>τό</strong></span> <span class='ocrx_word' id='word_1_191' title='bbox 1054 3368 1186 3456; x_wconf 77' lang='grc' dir='ltr'><strong><em>νήματα,</em></strong></span> 
     </span>
     <span class='ocr_line' id='line_1_29' title="bbox 157 3465 1187 3556; baseline 0 -20"><span class='ocrx_word' id='word_1_192' title='bbox 157 3479 230 3536; x_wconf 69' lang='lat' dir='ltr'><strong>odor</strong></span> <span class='ocrx_word' id='word_1_193' title='bbox 249 3471 290 3556; x_wconf 84' lang='grc' dir='ltr'><strong>δὴ</strong></span> <span class='ocrx_word' id='word_1_194' title='bbox 311 3473 362 3536; x_wconf 82' lang='grc' dir='ltr'><strong>καὶ</strong></span> <span class='ocrx_word' id='word_1_195' title='bbox 383 3465 442 3535; x_wconf 88' lang='grc' dir='ltr'><strong>τόν</strong></span> <span class='ocrx_word' id='word_1_196' title='bbox 457 3466 670 3556; x_wconf 79' lang='grc' dir='ltr'><strong><em>παιδοτρίβην</em></strong></span> <span class='ocrx_word' id='word_1_197' title='bbox 684 3468 858 3555; x_wconf 80' lang='grc' dir='ltr'><strong><em>Ἡρόδικον</em></strong></span> <span class='ocrx_word' id='word_1_198' title='bbox 876 3469 894 3534; x_wconf 87' lang='grc' dir='ltr'><strong><em>ό</em></strong></span> <span class='ocrx_word' id='word_1_199' title='bbox 911 3471 1084 3545; x_wconf 82' lang='grc' dir='ltr'><strong><em>Πλάτωνος</em></strong></span> <span class='ocrx_word' id='word_1_200' title='bbox 1099 3472 1187 3537; x_wconf 83' lang='grc' dir='ltr'><strong><em>ἱστό-</em></strong></span> 
     </span>
     <span class='ocr_line' id='line_1_30' title="bbox 159 3573 1187 3662; baseline 0.005 -25"><span class='ocrx_word' id='word_1_201' title='bbox 159 3592 240 3659; x_wconf 86' lang='grc' dir='ltr'><strong><em>ρησε</em></strong></span> <span class='ocrx_word' id='word_1_202' title='bbox 261 3573 367 3654; x_wconf 69' lang='grc' dir='ltr'><strong><em>λόγος“</em></strong></span> <span class='ocrx_word' id='word_1_203' title='bbox 397 3614 436 3622; x_wconf 87' lang='lat'>—</span> <span class='ocrx_word' id='word_1_204' title='bbox 468 3583 500 3640; x_wconf 90' lang='lat' dir='ltr'><strong>et</strong></span> <span class='ocrx_word' id='word_1_205' title='bbox 529 3577 734 3660; x_wconf 84' lang='lat' dir='ltr'><strong>historiolam,</strong></span> <span class='ocrx_word' id='word_1_206' title='bbox 762 3599 858 3661; x_wconf 88' lang='lat' dir='ltr'><strong>quarn</strong></span> <span class='ocrx_word' id='word_1_207' title='bbox 880 3577 996 3642; x_wconf 89' lang='lat' dir='ltr'><strong>deinde</strong></span> <span class='ocrx_word' id='word_1_208' title='bbox 1019 3579 1122 3662; x_wconf 85' lang='lat' dir='ltr'><strong>affert,</strong></span> <span class='ocrx_word' id='word_1_209' title='bbox 1145 3600 1187 3642; x_wconf 83' lang='lat' dir='ltr'><strong>cx</strong></span> 
     </span>
     <span class='ocr_line' id='line_1_31' title="bbox 156 3679 1185 3766; baseline 0.002 -22"><span class='ocrx_word' id='word_1_210' title='bbox 156 3680 301 3744; x_wconf 89' lang='lat' dir='ltr'><strong>Platonis</strong></span> <span class='ocrx_word' id='word_1_211' title='bbox 325 3680 462 3764; x_wconf 90' lang='lat' dir='ltr'><strong>sumpsit</strong></span> <span class='ocrx_word' id='word_1_212' title='bbox 484 3679 524 3742; x_wconf 92' lang='lat' dir='ltr'><strong>de</strong></span> <span class='ocrx_word' id='word_1_213' title='bbox 546 3701 579 3742; x_wconf 90' lang='lat' dir='ltr'><strong>re</strong></span> <span class='ocrx_word' id='word_1_214' title='bbox 602 3680 729 3763; x_wconf 90' lang='lat' dir='ltr'><strong>publica</strong></span> <span class='ocrx_word' id='word_1_215' title='bbox 752 3681 831 3746; x_wconf 91' lang='lat' dir='ltr'><strong>libro</strong></span> <span class='ocrx_word' id='word_1_216' title='bbox 853 3681 926 3765; x_wconf 87' lang='lat' dir='ltr'><strong>HL,</strong></span> <span class='ocrx_word' id='word_1_217' title='bbox 949 3683 983 3745; x_wconf 90' lang='lat' dir='ltr'><strong>in</strong></span> <span class='ocrx_word' id='word_1_218' title='bbox 1005 3704 1067 3766; x_wconf 93' lang='lat' dir='ltr'><strong>quo</strong></span> <span class='ocrx_word' id='word_1_219' title='bbox 1083 3683 1185 3748; x_wconf 69' lang='lat' dir='ltr'><strong>mon</strong></span> 
     </span>
     <span class='ocr_line' id='line_1_32' title="bbox 155 3783 1184 3868; baseline 0.004 -23"><span class='ocrx_word' id='word_1_220' title='bbox 155 3783 317 3846; x_wconf 89' lang='lat' dir='ltr'><strong>simillima</strong></span> <span class='ocrx_word' id='word_1_221' title='bbox 339 3784 492 3866; x_wconf 85' lang='lat' dir='ltr'><strong>leguntur</strong></span> <span class='ocrx_word' id='word_1_222' title='bbox 514 3783 604 3864; x_wconf 86' lang='lat' dir='ltr'><strong>haec,</strong></span> <span class='ocrx_word' id='word_1_223' title='bbox 626 3804 707 3866; x_wconf 89' lang='lat' dir='ltr'><strong>qnae</strong></span> <span class='ocrx_word' id='word_1_224' title='bbox 730 3783 821 3847; x_wconf 88' lang='lat' dir='ltr'><strong>iuxta</strong></span> <span class='ocrx_word' id='word_1_225' title='bbox 837 3785 982 3868; x_wconf 81' lang='lat' dir='ltr'><strong>Gregorii</strong></span> <span class='ocrx_word' id='word_1_226' title='bbox 1004 3785 1184 3850; x_wconf 87' lang='lat' dir='ltr'><strong>adscribam</strong></span> 
     </span>
     <span class='ocr_line' id='line_1_33' title="bbox 154 3885 371 3959; baseline 0.005 -10"><span class='ocrx_word' id='word_1_227' title='bbox 154 3885 271 3950; x_wconf 83' lang='lat' dir='ltr'><strong>verba:</strong></span> <span class='ocrx_word' id='word_1_228' title='bbox 366 3949 371 3959; x_wconf 85' lang='grc'><strong><em>,</em></strong></span> 
     </span>
    </p>

    <p class='ocr_par' dir='ltr' id='par_1_9' title="bbox 152 3989 1185 4379">
     <span class='ocr_line' id='line_1_34' title="bbox 291 3989 1008 4072; baseline 0.007 -20"><span class='ocrx_word' id='word_1_229' title='bbox 291 3989 482 4072; x_wconf 79' lang='lat' dir='ltr'><strong>Gregorius:</strong></span> <span class='ocrx_word' id='word_1_230' title='bbox 896 3992 1008 4058; x_wconf 87' lang='lat' dir='ltr'><strong>Plato:</strong></span> 
     </span>
     <span class='ocr_line' id='line_1_35' title="bbox 154 4085 1184 4176; baseline 0.005 -25"><span class='ocrx_word' id='word_1_231' title='bbox 154 4085 227 4169; x_wconf 83' lang='grc' dir='ltr'><strong><em>,τὸν</em></strong></span> <span class='ocrx_word' id='word_1_232' title='bbox 248 4086 615 4176; x_wconf 78' lang='grc' dir='ltr'><strong><em>παιδοτρίβηνἩρό-</em></strong></span> <span class='ocrx_word' id='word_1_233' title='bbox 722 4087 950 4172; x_wconf 86' lang='grc' dir='ltr'><strong><em>,Ἡρόδικος</em></strong></span> <span class='ocrx_word' id='word_1_234' title='bbox 968 4095 1184 4174; x_wconf 86' lang='grc' dir='ltr'><strong><em>παιδοτρί-</em></strong></span> 
     </span>
     <span class='ocr_line' id='line_1_36' title="bbox 152 4184 1185 4281; baseline 0.004 -27"><span class='ocrx_word' id='word_1_235' title='bbox 152 4193 274 4255; x_wconf 90' lang='grc' dir='ltr'><strong><em>δικον</em></strong></span> <span class='ocrx_word' id='word_1_236' title='bbox 322 4187 340 4254; x_wconf 86' lang='grc' dir='ltr'><strong><em>ό</em></strong></span> <span class='ocrx_word' id='word_1_237' title='bbox 396 4188 617 4263; x_wconf 84' lang='grc' dir='ltr'><strong><em>Πλάτωνος</em></strong></span> <span class='ocrx_word' id='word_1_238' title='bbox 719 4197 794 4278; x_wconf 76' lang='grc' dir='ltr'><strong>βης</strong></span> <span class='ocrx_word' id='word_1_239' title='bbox 816 4184 861 4257; x_wconf 75' lang='grc' dir='ltr'><strong>τόν</strong></span> <span class='ocrx_word' id='word_1_240' title='bbox 882 4196 933 4258; x_wconf 78' lang='grc' dir='ltr'><strong>καὶ</strong></span> <span class='ocrx_word' id='word_1_241' title='bbox 963 4195 1107 4281; x_wconf 83' lang='grc' dir='ltr'><strong><em>νοσώδης</em></strong></span> <span class='ocrx_word' id='word_1_242' title='bbox 1137 4216 1185 4276; x_wconf 90' lang='grc' dir='ltr'><strong><em>γε-</em></strong></span> 
     </span>
     <span class='ocr_line' id='line_1_37' title="bbox 152 4289 1184 4379; baseline 0.006 -24"><span class='ocrx_word' id='word_1_243' title='bbox 152 4290 310 4378; x_wconf 82' lang='grc' dir='ltr'><strong><em>ἱσιόρησε</em></strong></span> <span class='ocrx_word' id='word_1_244' title='bbox 341 4291 446 4375; x_wconf 87' lang='grc' dir='ltr'><strong><em>λόγος,</em></strong></span> <span class='ocrx_word' id='word_1_245' title='bbox 479 4291 530 4358; x_wconf 80' lang='grc' dir='ltr'><strong>ότι</strong></span> <span class='ocrx_word' id='word_1_246' title='bbox 562 4289 617 4358; x_wconf 84' lang='grc' dir='ltr'><strong>διὰ</strong></span> <span class='ocrx_word' id='word_1_247' title='bbox 719 4292 862 4376; x_wconf 85' lang='grc' dir='ltr'><strong><em>νόμενος,</em></strong></span> <span class='ocrx_word' id='word_1_248' title='bbox 882 4297 977 4370; x_wconf 80' lang='grc' dir='ltr'><strong><em>μίζας</em></strong></span> <span class='ocrx_word' id='word_1_249' title='bbox 1006 4317 1184 4379; x_wconf 82' lang='grc' dir='ltr'><strong><em>γυμνασ-</em></strong></span> 
     </span>
    </p>
   </div>
   <div class='ocr_carea' id='block_1_4' title="bbox 0 0 1526 5084">
    <p class='ocr_par' dir='ltr' id='par_1_10' title="bbox 0 0 1526 5084">
     <span class='ocr_line' id='line_1_38' title="bbox 0 0 1526 5084; baseline 0 2"><span class='ocrx_word' id='word_1_250' title='bbox 0 0 1526 5084; x_wconf 95' lang='lat' dir='ltr'><strong> </strong></span> 
     </span>
    </p>
   </div>
  </div>
 </body>
</html>
