3042 5084
362 693 513 777 Gregorii
542 693 656 757 libmm
684 692 845 756 nominat:
876 691 967 772 „eine
996 690 1206 772 Fortsetznng
1235 688 1291 752 des
1320 689 1390 773 pla·
1506 688 1507 717 ¹

362 795 527 860 tonisohen
550 794 702 860 Phadons
724 795 770 858 im
792 791 1163 858 christlichkirehliohen
1178 792 1277 858 Sinne
1294 792 1390 875 jener
1506 868 1507 887 Χ

361 896 463 980 Zeit“‚
488 904 520 962 et
542 892 674 965 Ἀκύλας
694 918 777 981 quae
800 897 884 960 inter
904 895 962 959 hos
985 895 1064 958 duos
1087 895 1229 978 dialogos
1259 900 1390 958 exstant
1506 984 1507 987 Ἴ

360 1001 512 1084 rationes,
546 1000 651 1086 quoad
671 1006 896 1084 argumentum
926 1004 1071 1082 tangunt,
1099 997 1164 1062 iam
1194 998 1350 1081 exposuit.
1362 997 1386 1073 ¹)

359 1105 450 1179 Quae
473 1104 532 1169 etsi
557 1105 712 1187 omittam,
735 1110 843 1167 tamen
866 1124 929 1187 quo
946 1101 1042 1166 modo
1061 1102 1235 1185 Gregorius
1249 1102 1386 1164 formam

360 1216 392 1273 et
422 1215 521 1272 artem
553 1209 697 1272 Platonis
726 1208 922 1291 dialogorum
951 1206 1091 1270 maxime
1119 1205 1300 1274 Phaedonis
1331 1225 1384 1268 se·

358 1317 449 1375 entus
472 1311 522 1394 sit,
546 1311 683 1375 breviter
705 1310 755 1374 hio
785 1330 961 1393 exponam,
992 1310 1108 1393 quippe
1137 1329 1220 1392 quae
1249 1307 1313 1371 sint
1342 1307 1386 1370 ab

358 1413 476 1496 Aquila
498 1414 627 1476 omnino
650 1412 716 1478 fere
740 1412 867 1476 omissa.

443 1515 587 1578 Primum
622 1516 686 1580 iam
717 1517 881 1599 utriusque
912 1515 1029 1597 dialogi
1059 1535 1155 1578 eausa
1184 1512 1297 1578 eodem
1326 1519 1388 1576 est.

358 1618 450 1682 Plato
473 1618 558 1681 enirn
590 1618 623 1683 in
645 1618 819 1682 Phaedone
848 1618 1067 1701 quaestionem
1098 1616 1138 1680 de
1168 1616 1293 1680 animae
1327 1615 1389 1678 im·

358 1721 550 1785 mortalitate
581 1721 697 1806 repetit
727 1743 768 1784 ex
794 1727 896 1784 morte
920 1720 1042 1784 Socrati
1070 1719 1259 1801 imminenti,
1288 1739 1389 1802 quam

358 1823 450 1888 valde
483 1824 634 1889 dolebant
668 1825 772 1889 amini.
827 1823 888 1898 Qui
924 1823 1013 1886 dolor
1045 1829 1082 1886 ut
1115 1822 1259 1905 tollatur,
1292 1821 1389 1885 Plato

358 1927 433 1991 inde
468 1928 595 1992 efficere
628 1927 705 2010 vult,
739 1926 824 2011 qnod
858 1927 965 1990 omnia
996 1926 1136 1989 humana
1169 1925 1290 1989 caduca
1318 1924 1389 1987 ani-

358 2050 505 2115 mamque
529 2031 628 2094 solam
650 2030 863 2094 immortalem
885 2051 956 2094 esse
978 2029 1185 2094 demonstrat

447 2133 571 2197 Eodem
600 2133 695 2197 modo
728 2133 901 2217 Gregorius
928 2133 984 2196 illa
1012 2131 1052 2196 de
1082 2132 1190 2196 anima
1222 2138 1255 2196 et
1283 2151 1388 2195 resur-

358 2236 498 2300 reetione
543 2236 669 2319 dialogo
704 2235 928 2318 gravissimum
965 2234 1062 2298 animi
1103 2234 1246 2298 dolorem
1283 2237 1387 2295 morte

359 2340 464 2403 fratris
487 2339 599 2403 Basilii
620 2346 787 2423 acceptum
810 2338 1024 2423 disputatione
1046 2337 1264 2422 philosophica
1287 2337 1387 2400 lenire

360 2443 569 2527 solatiumque
592 2443 631 2506 ab
657 2464 695 2507 ea
718 2452 826 2527 petere
849 2441 959 2518 vult.²)

445 2546 617 2610 Praeterea
639 2551 747 2610 autem
774 2545 948 2630 Gregorius
970 2544 1025 2608 illa
1046 2542 1261 2627 disputatione
1288 2541 1385 2606 etiam

359 2648 398 2712 de
436 2654 538 2712 morte
579 2649 742 2712 Macrinae
781 2649 881 2712 somri
917 2646 1096 2711 imminenti
1138 2645 1386 2709 consolationem

360 2750 499 2814 maxime
523 2751 583 2818 sibi
606 2750 666 2834 ipsi
690 2751 804 2815 afferre
828 2751 924 2835 eupit.
970 2749 1042 2823 Qua
1064 2749 1097 2811 in
1116 2769 1150 2812 re
1165 2747 1307 2812 Maoriua
1321 2769 1385 2810 non

361 2856 463 2930 solum
486 2856 664 2938 comparari
679 2861 786 2940 potest
800 2877 873 2919 eum
889 2854 1036 2918 Platonis
1052 2853 1195 2932 Socrate,
1218 2851 1274 2915 sed
1289 2850 1386 2914 etiam

359 2965 395 3020 ut
416 2956 466 3020 hie
489 2957 521 3020 in
537 2957 710 3023 Phaedone
728 2958 847 3021 amieos
870 2956 1085 3041 disputatione
1108 2953 1149 3020 de
1172 2954 1298 3018 animae
1320 2953 1386 3017 vita

361 3066 491 3124 aeterna
519 3059 664 3124 instituta
694 3061 884 3143 consolatur,
915 3060 960 3123 sio
990 3064 1023 3123 et
1052 3058 1195 3122 Macrine
1224 3055 1387 3120 mortifero

360 3165 424 3227 iam
447 3163 557 3226 morbo
588 3170 733 3249 correpta
762 3165 894 3227 tratrem
924 3162 964 3226 de
994 3163 1119 3226 animae
1150 3160 1387 3224 immortalitate

361 3267 560 3332 dubitantem
583 3268 687 3332 verbis
711 3268 777 3332 suis
800 3267 841 3330 ad
864 3267 960 3330 aliam
983 3264 1121 3330 traducit
1142 3265 1343 3329 sententiam.

446 3370 531 3444 Quin
568 3371 665 3433 etiam
693 3371 860 3457 Nyssenus
888 3369 921 3432 in
950 3391 989 3433 eo
1019 3368 1226 3433 Phaedonem
1259 3372 1387 3432 secutus

361 3481 419 3557 est,
449 3476 533 3560 quod
558 3477 597 3540 de
620 3474 860 3539 immortalitate
882 3475 1009 3537 animae
1033 3494 1067 3537 se
1090 3471 1236 3536 dubitare
1259 3469 1387 3534 simulat

361 3597 462 3661 eoque
485 3578 616 3662 suscipit
639 3578 842 3659 sententiam,
873 3597 968 3659 quam
997 3575 1066 3659 ipse
1093 3595 1157 3637 non
1180 3574 1303 3657 probat.
1347 3572 1385 3635 ln

360 3680 413 3742 illo
437 3680 521 3742 enim
545 3681 689 3744 Platonis
721 3680 849 3762 dialogo
874 3679 1022 3743 Simmias
1052 3683 1085 3741 et
1107 3676 1221 3758 Cebes,
1248 3673 1387 3740 Socratis

362 3781 468 3864 amioi,
491 3781 704 3846 dubitationes
727 3781 856 3865 quidem
880 3781 921 3860 de
942 3781 1007 3845 vita
1029 3779 1130 3843 altera
1152 3778 1300 3859 afferunt,
1331 3776 1387 3840 sed

362 3907 396 3950 re
419 3906 495 3950 vera
517 3907 580 3948 non
604 3885 751 3950 dubitant
773 3906 876 3969 neque
899 3881 1178 3969 quiequamaliud
1202 3902 1240 3944 eo
1260 3879 1386 3944 efficere

448 4127 469 4190 ¹)
488 4120 617 4193 Ἀκύλας,
629 4122 647 4190 ἡ
659 4128 716 4201 περὶ
730 4123 895 4187 α’θανααίας
907 4129 956 4187 τῆς
969 4129 1063 4191 ψυχῆς
1073 4127 1126 4175 ete.
1152 4121 1228 4174 Diss.
1240 4120 1298 4174 len.
1310 4120 1386 4172 1888-

449 4213 471 4279 ’)
490 4211 534 4266 Of.
558 4210 664 4278 Himel,
692 4209 767 4278 „Der
791 4209 905 4279 Dialog,
931 4209 976 4262 ein
1000 4208 1211 4262 litterarbistor.
1238 4206 1383 4261 Versueh‘*

362 4329 394 4336 -
413 4297 482 4368 Hp.
504 4315 570 4369 pag.
588 4298 638 4352 371
658 4329 689 4338 —-
713 4303 741 4351 et
761 4295 867 4368 Aquila
885 4313 950 4368 pag.
970 4298 987 4351 8
1005 4314 1062 4369 seq.
