3042 5084
537 554 747 616 -69-

127 723 179 787 Sic
201 721 333 786 Lucian.
357 721 438 785 Tim.
470 724 508 785 18
531 722 590 785 ait:
624 713 717 801 ,dots
746 715 778 788 ἐς
798 715 858 781 τὸν
885 718 950 781 τῶν
977 718 1152 783 Δαναΐδων

126 829 229 887 πίθον
250 819 504 906 δδροφορῄσειεν
524 822 685 904 μοιδοκῶ
707 823 757 885 καὶ
784 818 887 906 μάνην
914 817 1150 906 §navatianos

125 930 239 1013 quibus
261 929 294 991 in
315 928 420 992 verbis
453 928 530 992 illud
562 924 859 1012 ,ἐπαντλήσειν
894 929 1039 1010 oongmit
1079 949 1150 992 oum

125 1032 237 1095 Basilii
257 1052 345 1113 voce,
369 1021 640 1110 ,dvziosizzecfl

209 1134 278 1198 Neo
301 1135 392 1199 aliter
414 1156 464 1198 res
487 1157 521 1198 se
544 1135 641 1199 habet
663 1135 722 1199 hae
745 1136 778 1198 in
800 1136 956 1219 imagine:
990 1135 1066 1198 Bas.
1091 1134 1153 1216 111,

126 1239 227 1304 365A
253 1241 307 1302 14:
331 1231 475 1319 ,ὥσπερ
498 1229 648 1300 πλοίου
672 1233 715 1299 τὰ
737 1238 917 1321 πηδαλία
939 1238 996 1318 τῆς
1010 1237 1151 1305 διανοίας

126 1339 213 1422 ὑμῶν
235 1338 444 1422 παρυδόνταί
478 1379 516 1386 -
548 1342 705 1428 Olitopho.
736 1344 854 1407 408A:
886 1337 1151 1422 ..μιαθάπερ

125 1446 273 1508 πλοίου
303 1443 537 1525 παραδόνιι
573 1441 618 1507 τοὶ
647 1446 829 1530 πηδαλία
856 1445 926 1529 τῆς
963 1447 1152 1535 διανοίας

125 1545 228 1631 ἄλλω·

209 1653 283 1718 Alia
306 1653 399 1717 affert
421 1653 522 1717 Shear
544 1654 564 1717 l.
588 1675 614 1716 ο.
638 1655 768 1738 passim.

208 1757 259 1820 Ex
274 1757 475 1820 Nazianzeno
495 1757 647 1820 nonnulla
661 1777 787 1841 quoque
803 1756 864 1820 hue
879 1757 990 1821 referri
1005 1763 1150 1841 possunt,

124 1881 205 1944 quae
228 1860 322 1924 affert
345 1859 505 1923 Gottwald
528 1863 623 1944 p.·13
647 1859 756 1943 ,γυμνῇ
778 1860 818 1939 τῆ
843 1859 970 1943 κεραλῇ,
1001 1859 1150 1936 (Phaedr.

124 1966 233 2040 2433)
261 2001 298 2009 -
322 1986 351 2048 p.
378 1967 433 2028 12:
463 1958 507 2044 ,ἐν
529 1958 719 2044 προθύροις(
745 1963 881 2041 (Phileb.
898 1963 987 2040 6413)
1012 1964 1148 2048 aliaque.

209 2066 359 2130 Ceterum
381 2066 602 2129 Nazianzenus
625 2071 752 2150 praeter
774 2087 828 2130 eos
852 2066 1004 2149 dialogos,
1035 2066 1149 2150 quibus

122 2193 195 2234 eum
218 2192 311 2234 usum
334 2191 404 2233 esse
428 2175 523 2234 antea
545 2169 759 2234 demonstravi
782 2169 988 2251 (Phaedrum,
1004 2168 1151 2233 Phaedo-

122 2295 204 2356 nem,
229 2273 426 2352 convivium,
448 2271 703 2357 Rempublioam‚
727 2273 908 2348 Timaeum)
940 2279 973 2335 at
997 2272 1148 2355 Gorgiam
1257 2286 1260 2292 ·

120 2378 197 2461 legit
212 2376 373 2460 dialogum
391 2378 443 2453 (ol.
462 2398 491 2462 p.
505 2380 523 2440 3
542 2398 606 2461 seq.
620 2383 652 2440 et
666 2376 835 2441 Gottwald.
848 2398 879 2461 p.
892 2378 935 2457 8),
948 2383 982 2440 et
996 2377 1149 2440 nonnulla

123 2479 207 2564 apud
230 2501 303 2544 eum
327 2501 399 2543 euni
422 2480 566 2543 Platonis
590 2480 755 2544 sententiis
787 2501 804 2542 e
834 2479 922 2542 libris
952 2479 992 2543 de
1024 2479 1147 2562 legibus

123 2584 256 2668 sumptis
280 2590 467 2666 congruunt.
490 2583 516 2665 Ι,
529 2583 625 2648 4090
649 2588 667 2648 6
692 2585 737 2647 ait
759 2633 768 2649 .
792 2576 901 2664 .,οὕιε
917 2634 924 2650 .
942 2631 949 2647 .
965 2589 1029 2651 τοῖς
1045 2578 1150 2652 ἄλλοις

122 2681 274 2764 ἀναρχίαν
305 2686 356 2746 καὶ
389 2681 518 2755 ἀταξίαν
551 2684 812 2768 λυσιτελεσιέραν
843 2677 913 2748 οἶδα
944 2684 1058 2756 τάξεως
1097 2685 1149 2746 καὶ

122 2781 226 2871 ἀρχῆς,
256 2783 329 2851 οὔτε
358 2779 557 2868 ἀνθρώποις.
594 2783 672 2851 ἀλλὰ
700 2786 825 2858 τοὺιοις
854 2789 905 2851 καὶ
935 2785 1065 2851 πάνιων
1094 2780 1151 2866 οὐχ

20 2955 21 2964 ,
121 2886 231 2973 ἥκιστα
255 2886 320 2972 ὅσῳ
335 2892 386 2953 καὶ
401 2893 478 2970 περὶ
493 2890 651 2971 μειζόνων
666 2889 770 2964 αὐτοῖς
786 2887 804 2955 δ
822 2893 986 2961 κίνδυνος]
1024 2895 1148 2967 Quibus

121 2995 225 3057 verbis
247 2995 325 3059 Naz.
349 2995 490 3057 imitatus
514 3016 584 3058 esse
614 2996 740 3059 videtur
762 2997 905 3060 Platonis
935 3018 976 3059 ex
998 2995 1074 3058 XII.
1109 2995 1148 3059 de

121 3097 181 3180 leg.
205 3097 284 3160 libro
300 3097 408 3179 verba,
425 3100 487 3162 942
501 3097 544 3162 0:
569 3097 770 3181 ,μελειιμίον
786 3094 883 3166 εὐθυς
898 3094 931 3159 ἐκ
946 3097 1010 3159 τῶν
1024 3099 1149 3160 παίδων

119 3190 227 3277 ἄρχειν
248 3219 284 3261 τε
306 3194 419 3275 ἄλλων,
442 3194 605 3282 ἄρχεσθαί
624 3193 844 3283 θ’ὑφ’ἑιε’ρων,
881 3194 938 3284 τὴν
965 3193 1148 3281 δ’ἀναρχίαν

119 3297 297 3380 ἐξαιρετέον
319 3296 354 3364 ἐκ
376 3302 500 3372 παντὸς
521 3305 577 3365 τοῦ
600 3307 671 3386 βίον
695 3301 932 3368 ἁπάντωντῶν
963 3300 1148 3384 ἀνθρώπων

119 3424 155 3465 τε
177 3405 228 3466 καὶ
250 3405 312 3466 τῶν
334 3397 387 3468 ὑπ’
410 3398 607 3487 ἀνθρώπους
630 3410 773 3492 θηρίων]

204 3511 254 3574 De
278 3511 347 3574 aliis
371 3513 455 3605 conl.
480 3512 639 3576 Gottwald
662 3535 734 3598 pag.
760 3517 810 3577 13.

204 3615 352 3699 Denique
385 3616 454 3678 loeo
486 3615 624 3700 quodam
663 3617 725 3699 111,
749 3620 822 3682 tol
866 3617 907 3680 ad
941 3616 1146 3681 Charmidem

21 3755 22 3764 ι
120 3716 279 3800 dialogum
302 3717 443 3782 alludere
466 3719 543 3782 mihi
566 3720 699 3784 videtur.
744 3720 853 3784 Verba
875 3727 950 3784 sunt
971 3720 1066 3784 haee:

120 3822 181 3882 700
202 3843 231 3883 v.
255 3823 317 3885 286
342 3871 349 3885 .
374 3870 381 3886 .
404 3816 511 3899 ,καλὸν
534 3873 541 3887 .
566 3873 573 3888 .
597 3872 605 3888 .
628 3817 819 3903 Σωκράτους

269 3920 306 3984 τὸ
329 3920 386 4006 ζῇν
408 3925 573 4005 πενιχρῶς.
596 3909 693 3987 τᾶλλα
715 3916 788 3994 δ’ὡς
809 3917 984 4009 ἀσχιμιουα,

270 4023 300 4088 οἱ
323 4026 489 4105 Χαρμίδου
511 4047 551 4090 τε.
569 4028 621 4090 καὶ
643 4035 745 4113 σκέπη
768 4024 956 4110 τριβωνίου,

268 4123 322 4208 ὑφ’
344 4116 391 4198 οἷς
413 4127 452 4192 τὰ
476 4134 551 4193 θεῖα
572 4138 639 4201 τοῖς
660 4137 744 4202 νέοις
766 4127 784 4195 o‘
808 4129 962 4210 γεννάδας

271 4233 371 4314 συνὴν
395 4283 401 4297 .
427 4232 445 4298 .‘
491 4235 628 4298 Soivisse
656 4236 753 4319 igitur
774 4237 900 4300 videtur
922 4236 1144 4299 Nazianzenus

117 4333 149 4394 in
194 4333 365 4400 Charmide
406 4336 550 4400 Platonis
590 4338 742 4401 nonnulla
789 4340 904 4421 inesse,
952 4358 993 4401 ex
1033 4337 1146 4421 quibus
