3042 5084
842 523 1033 580 ..4-

316 743 318 749 .
426 688 479 764 (cf.
512 689 608 772 Gorg.
646 687 761 752 4690:
881 685 1011 770 ἑλοίμην
1045 679 1087 747 ἂν
1119 686 1242 764 μᾶλλον
1270 680 1453 749 ἀδικεῖσθαι

422 783 443 872 ἢ
472 783 669 855 ἀδικεῖν...
709 792 749 856 cl.
779 811 852 874 pag.
875 795 941 866 69).
989 790 1096 852 Ταῦτα
1124 788 1155 851 οἱ
1183 795 1320 867 γενναῖοι
1342 788 1452 851 tatar-

423 892 513 955 καλοι
534 893 586 954 καὶ
608 891 666 974 τῆς
696 890 856 970 βασιλείας
886 896 1118 971 σιηναγωνωιαί
1141 943 1150 957 .
1174 944 1182 957 ,
1206 943 1213 957 .
1243 887 1284 953 oi’
1283 913 1299 960 ς
1325 888 1360 954 ἐκ
1386 893 1455 953 τῶν

422 991 567 1072 τριόδων
590 999 644 1056 καί
662 996 726 1056 τῶν
748 991 926 1073 βαράθρων
948 994 1053 1078 ἑαυτῷ
1075 995 1262 1066 ora-eltheco
1285 1046 1293 1060 .
1316 1046 1325 1059 .
1348 1047 1356 1060 .

509 1099 666 1183 Obiurgat
689 1101 786 1182 igitur
816 1101 1039 1178 Nazianzenus
1067 1100 1116 1162 his
1148 1101 1252 1163 verbis
1275 1099 1451 1182 lulianum,

338 1233 341 1238 ·
423 1202 505 1286 quod
539 1202 709 1282 „Platones
740 1214 773 1265 ct
802 1201 1016 1287 Chrysippos¹⁴
1054 1204 1223 1285 magistros
1260 1210 1294 1265 et
1326 1203 1450 1286 imperii

423 1306 609 1370 defensores
648 1327 689 1368 ex
728 1307 826 1368 triviis
867 1307 925 1368 sihi
967 1306 1139 1388 collegerit.
1197 1306 1306 1369 Verbo
1342 1313 1451 1369 autem

426 1407 615 1489 ,Platones“
643 1430 715 1472 eum
739 1431 804 1472 non
828 1419 892 1472 tarn
915 1408 956 1470 ad
980 1430 1035 1470 eos
1055 1410 1214 1492 respicere
1235 1408 1452 1492 philosophos,

424 1511 476 1594 qui
495 1510 638 1572 Platonis
655 1509 814 1574 docebant
827 1513 976 1592 rationes,
992 1532 1088 1594 quam
1104 1511 1145 1573 ad
1161 1512 1266 1594 ipsum
1281 1510 1451 1573 Platonem

422 1634 463 1675 ex
497 1634 534 1676 eo
569 1620 711 1697 apparet,
745 1614 830 1698 quod
864 1615 963 1697 ipsius
987 1614 1130 1676 Platonis
1163 1613 1257 1676 affert
1284 1635 1303 1676 e
1331 1613 1452 1696 Gorgia

426 1716 609 1780 sententias.
661 1715 725 1780 Sed
750 1738 949 1800 ¹quamquam
982 1717 1079 1778 etiam
1109 1716 1241 1798 cogitari
1277 1716 1372 1780 debet
1406 1716 1451 1780 de

429 1818 607 1900 Platonicis,
622 1838 755 1901 quorum
780 1820 946 1882 sententiis
962 1817 1109 1880 Julianus
1125 1825 1236 1880 contra
1251 1817 1449 1880 Christianos

422 1921 581 2002 utebatur,
594 1927 701 1984 tamen
717 1943 757 1983 ex
773 1921 822 1983 his
838 1922 942 2003 colligi
954 1940 1018 1983 non
1031 1927 1146 2004 potest,
1155 1927 1262 1983 utrum
1275 1920 1449 2003 Gregorius

423 2043 533 2086 eorum
557 2026 733 2087 accuratius
757 2025 881 2087 noverit
902 2023 1061 2086 doctrinas
1084 2044 1126 2086 an
1148 2043 1223 2087 non.

508 2127 680 2190 Praeterea
714 2129 754 2190 cf.
788 2127 849 2209 HI,
865 2129 946 2191 1188
979 2149 1009 2190 v.
1046 2129 1109 2189 303
1144 2147 1209 2209 seq.
1241 2163 1279 2170 —
1310 2125 1449 2208 ΙΠ,684

420 2251 449 2293 v.
483 2232 523 2292 42
565 2251 630 2313 seq.
670 2265 708 2272 —
750 2231 864 2314 quibus
907 2231 984 2293 locis
1024 2229 1115 2291 multi
1159 2236 1450 2292 commemorantur

421 2331 610 2416 philosophi,
633 2333 871 2395 Platonicorum
893 2354 967 2396 vero
989 2334 1109 2395 mentio
1131 2353 1195 2395 non
1217 2333 1264 2396 fit.

507 2434 572 2498 Sed
594 2455 772 2519 pergarnus.
807 2434 976 2497 Nonnulhs
997 2435 1083 2516 locis,
1107 2435 1166 2499 etsi
1187 2456 1325 2519 perraro,
1341 2436 1450 2498 afferri

320 2612 322 2621 Ι
421 2537 569 2602 videntur
584 2538 820 2601 Platonicorum
841 2537 1014 2620 doctrinae,
1036 2559 1118 2622 quae
1140 2539 1322 2603 indicantur
1341 2539 1450 2604 verbis

422 2641 525 2706 velut:
564 2630 766 2723 οὶἝλληνες,
796 2639 829 2701 οἱ
851 2637 973 2712 ἔξωθεν
1001 2644 1041 2707 al.
1086 2643 1151 2707 Sed
1180 2642 1240 2706 hae
1270 2643 1451 2706 sententiae

425 2751 461 2807 ut
482 2765 645 2827 nunqnam
661 2743 898 2807 Platonicorum
913 2747 1054 2830 ipsorum
1070 2751 1153 2829 sunt,
1176 2746 1221 2810 sic
1243 2747 1340 2810 etiam
1363 2746 1453 2830 apud

426 2849 504 2911 alios
528 2855 656 2912 exstant
688 2848 892 2933 philosophos
925 2850 976 2912 rel
1008 2870 1047 2913 eo
1081 2856 1223 2934 tempore
1254 2851 1452 2934 perusitatae

421 2952 520 3016 fuisse
542 2952 698 3017 videntur.

507 3058 616 3120 Pauca
639 3057 771 3120 afferam
795 3055 951 3140 exempla.
974 3057 1036 3140 HI,
1061 3057 1202 3124 19218
1224 3056 1451 3120 Nazianzenus

423 3160 539 3242 verbis,
569 3181 650 3244 quae
681 3166 770 3225 sunt:
801 3151 888 3235 ,κατὰ
918 3154 977 3242 τὴν
997 3153 1180 3244 Ἑλληνικὴν
1207 3154 1450 3233 clancularia,

424 3264 464 3326 ad
500 3264 680 3347 opinionem
712 3285 821 3327 eorum
855 3264 976 3346 alludit,
1009 3265 1062 3348 qui
1097 3270 1275 3347 temporum
1308 3260 1451 3345 quodam

422 3367 555 3428 circuitu
592 3367 705 3430 eadem
742 3367 899 3450 putabant
935 3387 1062 3448 semper
1098 3365 1242 3428 renovari
1274 3365 1307 3425 in
1341 3384 1452 3426 rerum

420 3475 533 3531 natura
557 3475 652 3551 atque
676 3469 720 3530 ita
743 3468 893 3552 deinceps
917 3469 983 3530 lore
1012 3467 1079 3530 sine
1109 3466 1295 3531 cessatione.
1341 3466 1452 3539 Quam

419 3572 610 3634 sententiam
633 3573 789 3654 interpres
812 3571 952 3653 quidam,
974 3570 1103 3632 nomine
1118 3569 1241 3652 Billius,
1264 3570 1450 3633 Platonico·

419 3695 488 3736 rum
512 3674 608 3737 fuisse
632 3673 708 3736 dicit
730 3679 763 3736 et
778 3673 951 3756 Augustini
979 3674 1083 3735 locum
1113 3673 1206 3736 affert
1236 3673 1275 3737 de
1306 3673 1365 3737 civ.
1395 3671 1450 3736 dei

418 3775 450 3838 X
473 3779 530 3839 30:
565 3776 655 3857 ,falso
689 3775 880 3858 quibusdam
914 3781 963 3838 est
984 3775 1157 3840 Platonicis
1188 3774 1325 3839 creditus
1355 3776 1453 3859 quasi

418 3878 616 3941 necessarius
640 3878 724 3940 orbis
747 3877 800 3940 ille
824 3878 864 3940 ab
887 3877 1001 3941 iisdem
1031 3878 1169 3942 abeundi
1201 3884 1234 3942 st
1262 3878 1303 3941 ad
1331 3877 1451 3942 eadem

419 3977 618 4045 revertendi‘.
662 3981 887 4044 Necessarium
909 3988 1016 4046 autem
1037 3981 1121 4045 hunc
1137 3983 1246 4065 orbem
1262 4003 1317 4046 eos
1333 3968 1450 4066 putare

421 4083 590 4146 scholiasta
613 4083 728 4148 deinde
751 4086 894 4168 exponit,
916 4107 957 4149 ne
979 4085 1117 4169 quando,
1141 4108 1213 4149 cum
1236 4092 1341 4150 certus
1360 4086 1470 4149 esset

418 4187 595 4250 animarum
618 4208 769 4251 numerus
793 4210 812 4250 a
834 4187 894 4251 deo
918 4189 950 4251 in
973 4189 1127 4274 principio
1148 4196 1283 4271 creatus,
1299 4188 1470 4259 homines]

418 4289 575 4373 deessent,
598 4291 651 4373 qui
675 4296 792 4354 terram
814 4291 999 4356 incolerent.
1469 4284 1470 4293 ³
