3042 5084
562 545 775 607 ,41-

152 712 368 792 δενμόιτοιν
391 709 460 776 εἰεί
484 709 528 775 τὰ
550 707 651 776 καλό
672 709 941 795 μαλήματαῐ),
963 703 1006 780 ὥς
1028 704 1092 774 ἀπὸ
1115 710 1179 773 τόν

150 811 355 899 μαθημάτων
383 811 433 878 ἐπ’
462 813 563 878 έκεῖνο
584 810 622 880 τό
645 812 783 900 μάθημα
803 808 985 897 τελευτήσῃ,
1018 807 1038 874 ό
1066 809 1180 876 ἐστιν

150 914 219 982 οὐκ
239 913 365 982 ἄλλον
389 910 544 1003 ἢαότοῦ
567 916 730 982 ἐκείνου
752 917 809 981 τοῦ
830 918 924 980 καλοῦ
946 913 1092 997 μάθημα,
1115 918 1179 978 καὶ

149 1024 224 1105 γνῷ
239 1073 246 1088 .
261 1073 268 1088 .
284 1015 303 1085 ὅ
319 1017 433 1084 ἐστιν
448 1019 590 1089 καλόν]
606 1025 712 1108 Atque
729 1023 895 1106 pulchrum
911 1043 982 1086 esse
997 1021 1074 1085 dicit
1086 1021 1177 1084 21οΕ

152 1148 234 1210 seq.:
261 1177 268 1190 .
286 1177 293 1190 .
311 1175 318 1190 .
343 1125 382 1205 ,τὶ
397 1120 588 1202 θαυμαστόν
602 1122 660 1208 τὴν
674 1121 771 1206 φύσιν
785 1121 883 1185 λαλόν
895 1173 903 1189 .
917 1173 924 1188 .
938 1174 945 1188 .
962 1123 1178 1202 πρῶτονμὲν

150 1222 212 1291 ἀεὶ
236 1219 281 1290 όν
302 1229 365 1289 καὶ
389 1221 480 1290 οὔτε
508 1227 747 1308 γιγνόμενον
774 1221 867 1290 τότε
893 1219 1179 1305 ἀπολλύμενον

153 1333 373 1418 (otPorphyr.
390 1339 470 1396 sent.
487 1335 540 1409 33)
558 1326 649 1394 οὕτε
665 1327 950 1409 αὐξανόμενον
964 1323 1058 1392 οὔτε
1078 1334 1176 1411 φθῖ-

149 1457 228 1513 νον,
251 1431 397 1498 ἔπειτα
419 1427 463 1496 οὐ
487 1433 533 1519 τῇ
554 1433 626 1515 μὲν
649 1429 778 1508 καλόν,
801 1435 847 1519 τῇ
868 1427 1090 1513 δἀἰσχρόν,
1113 1428 1179 1496 νό-

149 1537 191 1602 ot
212 1537 307 1601 τοτὲ
323 1537 405 1618 μὲν,
422 1537 513 1600 τοτὲ
535 1537 578 1600 δὲ
600 1529 1027 1627 οό,οόδὲττρ,όςμὲντό
1043 1531 1178 1609 καλὸν,

148 1639 254 1720 πρὸς
276 1641 320 1704 δὲ
341 1633 383 1704 τό
407 1637 596 1722 αἰσχρόν,
618 1633 813 1703 οὐδ’ἔνθα
834 1639 907 1719 μὲν
927 1633 1053 1702 καλόν
1075 1636 1177 1702 ἔνθα

149 1743 199 1806 δὲ
231 1741 404 1824 αἰσχρόν
435 1797 441 1810 ,
475 1796 482 1810 .
513 1793 521 1811 .
552 1736 627 1806 aas
657 1766 721 1806 που
752 1735 790 1805 όν
817 1740 853 1806 ἐν
882 1742 981 1827 ἑτέρῳ
1009 1744 1084 1818 τινὶ,
1114 1731 1182 1805 οἷον

153 1843 189 1908 ἐν
211 1844 288 1929 (aar,
311 1837 331 1928 ἢ
353 1843 387 1908 ἐν
410 1844 447 1930 γῇ
471 1838 489 1928 ἢ
512 1842 547 1908 ἐν
569 1838 692 1930 υόραντρ
716 1897 723 1911 .
748 1897 755 1911 .
780 1897 788 1911 .
811 1841 878 1907 ἀλλ’
902 1839 981 1907 αὐτὸ
1004 1840 1079 1906 καθ’
1101 1841 1179 1906 αὑτό

149 1945 229 2028 μεθ’
253 1943 332 2012 αὐτὸ
348 1948 512 2028 μονοειδὲς
529 1945 580 2012 ἀεὶ
604 1939 715 2026 όν,τά
736 1947 780 2010 δὲ
801 1941 902 2010 ἄλλα
924 1944 1060 2010 πάντα
1081 1943 1178 2009 καλὰ

150 2049 313 2115 ἐκείνου
342 2057 593 2132 μετέχοντα.
639 2055 678 2118 ni
709 2075 794 2136 voro,
824 2054 877 2136 qui
905 2051 982 2115 illud
1013 2052 1179 2135 pulchrum

152 2164 318 2221 assecutus
341 2165 399 2240 est,
433 2158 493 2220 hoo
525 2156 655 2222 aooidit:
691 2156 810 2221 212A:
851 2151 1045 2235 μετιόντι..
1070 2145 1180 2232 ,όρε-

146 2253 205 2340 τὴν
228 2254 335 2344 α’ληθῆ
364 2260 415 2321 καὶ
444 2260 640 2340 θρεψαμένῳ
669 2252 808 2337 ότιόρχει
838 2255 987 2337 θεοφιλεῖ
1012 2260 1172 2336 γενέσθαι,

150 2362 203 2425 καὶ
225 2359 317 2442 εἴπέρ
340 2383 385 2446 τῳ
406 2359 491 2445 ἄλλῳ
514 2355 700 2442 ἀνθρώπων
723 2355 873 2443 ἀθανάτῳ
894 2360 945 2421 καὶ
969 2353 1099 2442 ἐκείνῳ]

234 2467 381 2530 Eandem
408 2467 504 2550 igitur
535 2467 618 2529 viam
649 2465 689 2528 ad
722 2467 787 2529 veri
819 2465 940 2549 pulchri
964 2463 1178 2546 cognitionem

150 2577 246 2653 atque
270 2570 363 2632 Plato
386 2570 561 2652 eodemque
585 2569 679 2632 modo
702 2569 868 2654 Nyssenus
890 2566 1075 2651 ingreditur.

234 2673 378 2736 Plotinus
394 2693 518 2757 quoque
534 2674 588 2736 illa
604 2673 748 2736 Convivii
764 2673 862 2736 verba
885 2693 923 2735 ao
945 2672 1084 2734 rationes
1107 2667 1178 2732 imi·

151 2781 236 2840 tatus
253 2782 302 2839 est
317 2776 462 2840 Ennoad.
496 2777 522 2859 Ι,
539 2780 568 2858 6,
584 2779 596 2839 1
617 2797 692 2859 sem,
715 2796 778 2858 quo
794 2776 863 2838 looo
879 2775 919 2838 do
935 2774 1066 2858 pulohro
1081 2793 1179 2856 agens

147 2881 242 2945 dicit:
259 2882 304 2959 ,τί
313 2863 369 2941 οὖν
381 2875 450 2941 ἐστὶ
464 2873 485 2940 ό
495 2885 578 2941 κινεῖ
590 2876 645 2948 τας
662 2873 755 2961 ὄψεις
773 2879 836 2940 τῶν
851 2881 1025 2957 θεωμένων
1038 2877 1091 2938 καὶ
1104 2873 1179 2938 ἐπι-

149 2988 283 3063 στρέφει
305 2979 386 3064 πρὸς
407 2975 485 3044 uici
507 2981 558 3044 καὶ
574 2976 665 3059 ἕλκει,
687 2984 780 3043 τοῦτο
795 2972 853 3059 γὰρ
876 2975 1074 3059 εόρόντες
1096 2970 1178 3053 τάχ’

147 3078 197 3147 ἂν
219 3069 435 3168 ἐπιβάθρα
458 3077 561 3167 αότῴ
584 3081 789 3166 χρώμενοι
811 3084 862 3146 καὶ
883 3081 922 3144 τὰ
942 3077 1175 3144 ἅλλαξλεασαί-

150 3191 242 3268 asoa
264 3239 272 3253 .
296 3238 303 3254 .
329 3238 336 3253 .
359 3187 480 3266 λέγεται
494 3187 553 3267 μὲν
574 3181 613 3271 δὴ
634 3180 722 3266 παρὰ
744 3183 877 3249 πάντων
899 3236 907 3251 .
931 3236 939 3251 .
964 3236 971 3250 .
995 3175 1035 3253 ὡς
1051 3201 1180 3263 συμμε-

148 3294 223 3370 τρία
248 3289 311 3354 τῶν
338 3291 447 3372 μεροῖν
476 3288 561 3370 πρὸς
594 3287 713 3374 ἄλληλα
736 3340 745 3357 .
769 3341 776 3355 .
799 3287 913 3358 κάλλος
943 3295 1035 3351 ποιεῖ
1055 3339 1062 3354 .
1086 3339 1093 3354 .
1118 3339 1125 3352 .
1149 3283 1180 3348 εἰ

148 3392 187 3456 δὲ
210 3445 217 3460 .
242 3445 249 3461 .
275 3445 282 3460 .
304 3396 549 3473 μεταβαίνοντες
581 3393 638 3475 (so.
661 3389 719 3475 τὴν
744 3395 943 3473 συμμετρίαν
964 3390 1023 3454 τοῦ
1037 3389 1178 3472 Ιπροσοί-

145 3501 226 3576 πον)
268 3495 320 3558 καὶ
360 3492 417 3559 ἐπὶ
452 3494 495 3559 τὰ
528 3492 845 3579 ἐπιτηδεύματα
876 3497 928 3559 καὶ
959 3489 1033 3564 τοὺς
1065 3493 1178 3571 λόγους

145 3595 221 3670 τοὺς
243 3592 355 3668 καλοὺς
377 3592 414 3662 τό
441 3597 623 3682 σύμμετρον
644 3599 695 3662 καὶ
726 3593 778 3662 ἐπ’
808 3594 913 3662 αὐτῶν
946 3597 1103 3682 αἰτιῷντο,
1131 3590 1184 3665 τίς,

237 3826 257 3888 ¹)
277 3822 434 3892 Gregorius
455 3823 552 3875 eodem
574 3823 656 3876 modo
677 3823 832 3876 seeundum
851 3823 998 3876 Platonem
1017 3823 1053 3876 ad
1081 3825 1177 3893 cogni-

143 3911 251 3963 tionem
280 3911 339 3963 vori
364 3910 432 3964 boni
466 3911 614 3979 pervenire
646 3910 717 3963 dioit
742 3910 809 3978 (ΙΙΙ,
833 3911 914 3965 1810
939 3912 972 3964 10
997 3909 1067 3982 seq.)
1097 3912 1176 3964 iuxta

143 3998 316 4066 scripturam
335 4016 385 4067 per
404 3999 589 4070 geometriam
608 4005 636 4051 et
655 3999 870 4052 astronomiam:
890 4004 994 4075 ,nouat
1013 3999 1107 4069 inquit
1124 4001 1175 4067 (so.

143 4087 224 4138 iuxta
243 4085 424 4154 scripturam)
445 4081 489 4155 ,τοὶ
516 4084 734 4157 μαθήματα,
754 4081 821 4140 ὅθεν
844 4081 962 4155 θήρατρα
987 4081 1052 4162 πρὸς
1078 4079 1177 4161 ἀρετήν

142 4167 303 4238 ἡδιάνοια,
316 4176 483 4248 γεωμετρίαν
495 4193 524 4228 τε
542 4176 590 4227 καὶ
610 4174 812 4252 οίστρονομίαν,
830 4177 879 4227 καὶ
896 4169 949 4238 τήν
967 4167 1016 4226 διό
1034 4180 1086 4227 τοῦ
1100 4173 1176 4250 ἀριθ-

143 4267 200 4328 μοῦ
227 4257 399 4324 κατανόησιν
426 4267 474 4325 τῆς
503 4259 644 4326 ἀληθείας,
672 4260 768 4314 τᾶσοίν
791 4279 821 4314 τε
847 4255 970 4329 μέθοδον
989 4253 1177 4323 ἀασδεικττκήν

146 4351 204 4398 τῶν
225 4345 439 4417 ἀγνοουμένων]
476 4348 519 4404 Of.
542 4348 627 4402 etiam
645 4349 668 4411 Ι,
688 4349 779 4404 3730.
