3042 5084
799 503 1009 598 „20-

391 703 510 768 deitate
534 705 731 769 oonorevisse
754 711 787 768 et
807 710 907 768 totam
922 725 961 768 ea
976 703 1016 767 de
1032 725 1129 766 eausa
1144 701 1284 767 divinam
1300 703 1436 766 laetam

392 829 473 873 essa.
518 808 616 874 Cuius
640 831 712 874 oum
736 830 847 874 omnes
866 809 1011 873 homines
1034 809 1098 873 sint
1112 809 1292 893 participes,
1307 829 1435 872 omnes

392 912 489 974 etiarn
513 905 616 976 salvos
639 912 776 976 evadere
798 933 891 996 posse
922 911 978 993 (ΙΙ,
997 911 1118 975 12211)
1143 931 1208 995 seq.
1233 948 1272 955 -
1296 909 1341 993 II,
1359 913 1435 974 705

392 1033 457 1098 seq.
482 1050 519 1058 —
546 1013 642 1079 7080
666 1016 751 1089 ete).

478 1116 601 1191 Quibus
622 1117 775 1202 expositis
790 1137 875 1180 nuno
890 1137 929 1180 ea
944 1115 1118 1197 videamus,
1133 1135 1216 1200 quae
1231 1135 1272 1178 ex
1287 1115 1435 1198 singulis

392 1219 535 1282 Platonis
558 1219 691 1302 dialogis
712 1219 848 1303 repetita
870 1239 940 1282 esse
971 1217 1127 1300 videntur,
1157 1223 1252 1301 atque
1281 1217 1433 1302 primurn

391 1322 530 1406 quidam,
553 1343 634 1407 quae
658 1343 698 1386 ex
799 1328 805 1338 ’

812 1421 1001 1488 Phaedro

393 1528 434 1591 ad
466 1535 573 1613 putres
606 1534 842 1614 permanerunt.
897 1527 993 1592 Hune
1025 1526 1170 1590 Platonis
1202 1525 1363 1608 dialogum
1407 1546 1433 1586 a

391 1631 577 1718 Nysseno
600 1633 717 1696 laetum
740 1653 811 1696 esse
834 1632 928 1716 plano
948 1636 1082 1715 apparet
1104 1651 1145 1694 ex
1167 1629 1236 1692 loeo
1266 1627 1430 1712 quodam,

391 1755 454 1819 quo
484 1735 602 1799 refutat
629 1735 836 1817 Eunomium‚
866 1734 921 1818 qui
952 1755 1028 1796 usus
1058 1739 1127 1796 erat
1161 1732 1267 1797 verbis
1303 1728 1433 1802 ,παῦλα

392 1832 575 1920 γεννήσεως’
600 1839 655 1922 (ΙΙ,
669 1838 771 1904 alan
794 1840 837 1915 5).
884 1837 975 1912 Quae
997 1836 1095 1901 verba
1119 1836 1291 1920 Gregorius
1320 1835 1431 1899 8130

391 1941 587 2006 Eunomium
625 1942 799 2032 sumpsisse
833 1940 910 2005 dioit
937 1961 979 2004 ex
1008 1940 1152 2002 Platonis
1181 1938 1338 2020 Phaedro,
1375 1945 1432 2020 et,

391 2039 442 2125 ,uit
473 2037 531 2123 γὰρ
555 2039 681 2114 ἐκεῖνος’
716 2047 773 2122 (so.
796 2044 901 2121 Plato)
931 2043 1044 2128 pergit,
1080 2037 1157 2120 ,ἐκεῖ
1186 2043 1231 2120 (in
1258 2041 1430 2118 Phaedro)

392 2147 557 2211 παῦλαν
595 2140 668 2211 εἰπε
704 2144 921 2231 κινήσεως,
951 2140 1033 2208 tuto
1062 2143 1220 2208 παῦλαν
1248 2144 1300 2206 καὶ
1327 2129 1433 2213 οὗτος

391 2246 622 2332 γεννήσεως
655 2247 762 2315 εἰπεῖν
795 2244 1016 2331 ἐπεθύμησεν,
1042 2241 1085 2316 ὥς
1106 2239 1146 2309 ἂν
1167 2241 1240 2318 τούς
1267 2241 1432 2325 ἀπείρους
1495 2278 1496 2293 2

390 2351 511 2416 τούτων
526 2361 594 2424 ταῖς
613 2355 830 2422 Πλατωνικαῖς
841 2352 1063 2433 καλλιφωνίαις
1074 2347 1344 2435 περιβομβήαειεν
1357 2402 1365 2416 .
1380 2355 1429 2430 ,1)
1495 2344 1496 2369 ’

478 2459 601 2533 Quibus
631 2460 737 2524 verbis
772 2458 960 2541 Gregorium
989 2462 1134 2540 apertum
1163 2462 1214 2519 est
1241 2455 1430 2540 respexisse

391 2561 432 2624 ad
455 2563 552 2626 verba
574 2562 628 2626 illa
651 2562 814 2647 praeclara
826 2560 975 2643 Phaedri,
997 2560 1112 2644 quibus
1127 2559 1280 2643 probatur
1294 2559 1430 2622 animae

391 2665 630 2731 immortalitas:
652 2687 683 2750 p.
707 2664 822 2729 2450:
850 2657 951 2746 ,ψυχὴ
988 2665 1099 2724 πᾶσα
1132 2654 1357 2737 ἀθάνατος,
1381 2657 1427 2722 τὸ

391 2766 451 2851 γὰρ
465 2759 682 2850 ἀεικίνητον
693 2757 867 2829 α’θᾰναιον,
883 2761 921 2827 τὸ
934 2759 1050 2827 δ’ἄλλο
1061 2756 1295 2826 κινοῦνκαὶιῖιὲ
1307 2756 1429 2826 ἄλλον
1495 2750 1496 2801 }

391 2867 577 2949 κινούμενον
598 2867 758 2932 παῦλαν
790 2864 863 2945 ἔχον
894 2864 1117 2950 κινήσεως,
1145 2864 1308 2928 παῦλαν
1336 2862 1428 2942 ἔχει

391 2971 501 3058 ζωῆς.
547 2967 650 3052 μόνον
673 2967 714 3055 δὴ
735 2967 774 3035 τὸ
797 2965 876 3032 αὑτὰ
902 2971 1012 3032 κινοῦν
1042 3018 1050 3034 .
1084 3019 1092 3033 .
1125 3019 1132 3034 .
1161 2964 1280 3030 οὔποτε
1308 2963 1428 3051 λήγει

321 3074 324 3080 ’
390 3076 733 3154 κινούμενον...

477 3179 569 3244 Haeo
592 3179 735 3243 Platonis
758 3177 856 3241 verba
877 3181 1044 3260 praeterea
1072 3174 1105 3237 in
1135 3175 1241 3238 animo
1271 3173 1425 3238 habuisse

391 3284 517 3348 videtur
547 3281 719 3365 Gregorius
748 3280 810 3363 III,
844 3281 907 3344 352
927 3278 964 3361 O,
994 3299 1056 3362 quo
1084 3278 1154 3340 loeo
1181 3277 1324 3340 animum
1352 3273 1427 3361 ,τὴν

392 3377 570 3469 αἐικίνιγιον
585 3379 653 3447 ὑπὸ
670 3383 729 3446 τοῦ
745 3377 958 3467 πεποιηκόιος
978 3379 1134 3464 εἰληφότα
1149 3374 1207 3462 τήν
1222 3378 1329 3462 φύσιν
1344 3381 1426 3445 dioit

391 3489 594 3572 maximeque
626 3507 701 3551 vero
734 3486 760 3569 Ι,
780 3484 883 3549 337Α
908 3487 957 3565 13,
980 3504 1053 3547 oum
1083 3483 1178 3565 dieat,
1207 3473 1428 3546 ἀθάνατον
1495 3512 1496 3517 ’

481 3728 501 3794 ¹)
520 3725 668 3790 Nyssenus
687 3723 749 3792 ipse
768 3721 838 3773 liaeo
856 3720 985 3773 Platonis
1005 3719 1123 3789 respicit
1141 3719 1230 3773 verba
1248 3720 1276 3772 in
1300 3719 1367 3772 dial.
1387 3720 1427 3774 de

392 3830 436 3866 an.
455 3817 484 3864 et
502 3827 555 3863 res.
582 3808 736 3875 111,141A
755 3809 785 3862 7:
811 3808 861 3873 ,τίς
878 3806 929 3861 οὐκ
956 3800 1037 3877 οἶδεν,
1060 3799 1106 3860 ὅτι
1121 3810 1172 3881 ῥοῇ
1192 3809 1247 3859 τινὶ
1267 3809 1428 3883 προσέοικεν

392 3899 409 3964 'd
423 3896 586 3975 ἀνθρωπίνη
599 3896 694 3966 φύσις,
709 3937 728 3953 ,.
745 3897 780 3960 εἰς
797 3892 927 3950 θάνατον
941 3892 984 3946 dai
996 3911 1071 3957 τινος
1090 3890 1241 3958 κινήσει)
1250 3912 1263 3958 ς
1273 3899 1427 3980 προϊοῦσα,

391 3983 517 4049 τότιτῆς
530 3980 892 4052 κινήσεωςλ,ἡγουσα,
905 3973 1209 4034 ὅτανκιιιτούιῖναι
1226 3979 1426 4032 καύσειαν.

393 4077 423 4126 et
442 4070 524 4127 1410
542 4072 574 4128 8:
596 4066 630 4125 τό
651 4112 656 4124 .
677 4112 683 4125 .
703 4069 844 4140 ἐαίῤῥυτον
860 4074 909 4133 τῆς
926 4064 1036 4136 φύσεως
1053 4065 1196 4136 ἡμῶνκαὶ
1214 4060 1248 4118 τό
1268 4061 1427 4134 ἀαόῤῥυτον

391 4163 436 4229 (ex
461 4159 534 4213 Tim.
561 4159 641 4226 43Α)
673 4152 722 4212 διὰ
747 4162 797 4221 τῆς
816 4151 997 4218 ἀλλοιωτικῆς
1020 4151 1147 4218 κινήσιας
1166 4151 1210 4207 ἀεὶ
1228 4150 1426 4230 πορευόμενον,

391 4247 457 4302 son
483 4233 1026 4316 xwodpsvovioratas‚drav
1051 4237 1426 4305 καὶτῆςζωῆςάαο-

392 4331 490 4409 λήξῃ
