<?xml version="1.0" encoding="UTF-8"?>
<!DOCTYPE html PUBLIC "-//W3C//DTD XHTML 1.0 Transitional//EN"
    "http://www.w3.org/TR/xhtml1/DTD/xhtml1-transitional.dtd">
<html xmlns="http://www.w3.org/1999/xhtml" xml:lang="en" lang="en">
 <head>
  <title>
</title>
<meta http-equiv="Content-Type" content="text/html;charset=utf-8" />
  <meta name='ocr-system' content='tesseract 3.04.00' />
  <meta name='ocr-capabilities' content='ocr_page ocr_carea ocr_par ocr_line ocrx_word'/>
</head>
<body>
  <div class='ocr_page' id='page_1' title='image "./debasiliogregor00grongoog_0049.png"; bbox 0 0 3042 5084; ppageno 0'>
   <div class='ocr_carea' id='block_1_1' title="bbox 545 563 756 628">
    <p class='ocr_par' dir='ltr' id='par_1_1' title="bbox 545 563 756 628">
     <span class='ocr_line' id='line_1_1' title="bbox 545 563 756 628; baseline -0.005 -18"><span class='ocrx_word' id='word_1_1' title='bbox 545 563 756 628; x_wconf 57' lang='lat'><strong>..33-</strong></span> 
     </span>
    </p>
   </div>
   <div class='ocr_carea' id='block_1_2' title="bbox 121 723 1274 817">
    <p class='ocr_par' dir='ltr' id='par_1_2' title="bbox 121 723 1274 817">
     <span class='ocr_line' id='line_1_2' title="bbox 121 723 1274 817; baseline -0.001 -18"><span class='ocrx_word' id='word_1_2' title='bbox 121 757 184 807; x_wconf 82' lang='grc' dir='ltr'>τος</span> <span class='ocrx_word' id='word_1_3' title='bbox 224 735 548 817; x_wconf 73' lang='grc' dir='ltr'><strong><em>σνναγείρεσθαί</em></strong></span> <span class='ocrx_word' id='word_1_4' title='bbox 583 753 620 796; x_wconf 83' lang='grc' dir='ltr'><strong><em>τε</em></strong></span> <span class='ocrx_word' id='word_1_5' title='bbox 661 733 712 796; x_wconf 79' lang='grc' dir='ltr'>καὶ</span> <span class='ocrx_word' id='word_1_6' title='bbox 755 723 1068 816; x_wconf 67' lang='grc' dir='ltr'><strong><em>ἀθροίζεσθαι,</em></strong></span> <span class='ocrx_word' id='word_1_7' title='bbox 1113 731 1166 794; x_wconf 78' lang='grc' dir='ltr'>καὶ</span> <span class='ocrx_word' id='word_1_8' title='bbox 1270 792 1274 799; x_wconf 90' lang='grc'><em>.</em></span> 
     </span>
    </p>
   </div>
   <div class='ocr_carea' id='block_1_3' title="bbox 34 830 1232 3192">
    <p class='ocr_par' dir='ltr' id='par_1_3' title="bbox 124 830 1167 1128">
     <span class='ocr_line' id='line_1_3' title="bbox 124 830 1167 920; baseline -0.006 -17"><span class='ocrx_word' id='word_1_9' title='bbox 124 837 266 903; x_wconf 78' lang='grc' dir='ltr'><strong><em>οἰκεῖν</em></strong></span> <span class='ocrx_word' id='word_1_10' title='bbox 298 837 377 901; x_wconf 81' lang='grc' dir='ltr'><strong><em>κατὰ</em></strong></span> <span class='ocrx_word' id='word_1_11' title='bbox 410 832 446 900; x_wconf 82' lang='grc' dir='ltr'>τὸ</span> <span class='ocrx_word' id='word_1_12' title='bbox 481 831 619 900; x_wconf 82' lang='grc' dir='ltr'><strong><em>δυνατόν</em></strong></span> <span class='ocrx_word' id='word_1_13' title='bbox 756 831 888 920; x_wconf 81' lang='grc' dir='ltr'><strong><em>μόνην</em></strong></span> <span class='ocrx_word' id='word_1_14' title='bbox 919 836 1008 898; x_wconf 72' lang='grc' dir='ltr'><strong><em>καθ’</em></strong></span> <span class='ocrx_word' id='word_1_15' title='bbox 1042 830 1167 918; x_wconf 69' lang='grc' dir='ltr'><strong><em>αὑτὴν</em></strong></span> 
     </span>
     <span class='ocr_line' id='line_1_4' title="bbox 125 931 1167 1026; baseline -0.006 -19"><span class='ocrx_word' id='word_1_16' title='bbox 125 939 384 1026; x_wconf 62' lang='lat' dir='ltr'>calvacamp</span> <span class='ocrx_word' id='word_1_17' title='bbox 406 931 544 1024; x_wconf 73' lang='grc' dir='ltr'><strong><em>ὥσπερ</em></strong></span> <span class='ocrx_word' id='word_1_18' title='bbox 568 937 607 1002; x_wconf 79' lang='grc' dir='ltr'>ἐκ</span> <span class='ocrx_word' id='word_1_19' title='bbox 630 939 797 1020; x_wconf 78' lang='grc' dir='ltr'><strong><em>δεσμῶν</em></strong></span> <span class='ocrx_word' id='word_1_20' title='bbox 815 934 944 1002; x_wconf 74' lang='grc' dir='ltr'><strong><em>ἕκτον</em></strong></span> <span class='ocrx_word' id='word_1_21' title='bbox 969 935 1167 1019; x_wconf 52' lang='grc' dir='ltr'><strong><em>σώματος(</em></strong></span> 
     </span>
     <span class='ocr_line' id='line_1_5' title="bbox 127 1044 662 1128; baseline -0.009 -16"><span class='ocrx_word' id='word_1_22' title='bbox 127 1050 188 1126; x_wconf 82' lang='lat' dir='ltr'>(cf.</span> <span class='ocrx_word' id='word_1_23' title='bbox 217 1049 256 1112; x_wconf 86' lang='grc'>65</span> <span class='ocrx_word' id='word_1_24' title='bbox 268 1045 339 1126; x_wconf 80' lang='lat' dir='ltr'>BlO</span> <span class='ocrx_word' id='word_1_25' title='bbox 365 1083 403 1090; x_wconf 90' lang='lat'><em>-</em></span> <span class='ocrx_word' id='word_1_26' title='bbox 429 1044 513 1110; x_wconf 84' lang='lat' dir='ltr'>83A</span> <span class='ocrx_word' id='word_1_27' title='bbox 538 1044 662 1128; x_wconf 78' lang='lat' dir='ltr'>seq.).1)</span> 
     </span>
    </p>

    <p class='ocr_par' dir='ltr' id='par_1_4' title="bbox 125 1145 1167 1848">
     <span class='ocr_line' id='line_1_6' title="bbox 214 1145 1167 1231; baseline -0.005 -18"><span class='ocrx_word' id='word_1_28' title='bbox 214 1149 366 1214; x_wconf 82' lang='lat' dir='ltr'><strong>Animam</strong></span> <span class='ocrx_word' id='word_1_29' title='bbox 381 1154 488 1211; x_wconf 86' lang='lat' dir='ltr'>autem</span> <span class='ocrx_word' id='word_1_30' title='bbox 502 1169 591 1211; x_wconf 87' lang='lat' dir='ltr'>suam</span> <span class='ocrx_word' id='word_1_31' title='bbox 604 1147 744 1211; x_wconf 83' lang='lat' dir='ltr'>divinam</span> <span class='ocrx_word' id='word_1_32' title='bbox 756 1145 1033 1231; x_wconf 85' lang='lat' dir='ltr'>pulchritudinem,</span> <span class='ocrx_word' id='word_1_33' title='bbox 1041 1165 1124 1229; x_wconf 90' lang='lat' dir='ltr'>quae</span> <span class='ocrx_word' id='word_1_34' title='bbox 1135 1145 1167 1208; x_wconf 87' lang='lat' dir='ltr'>ei</span> 
     </span>
     <span class='ocr_line' id='line_1_7' title="bbox 132 1247 1165 1336; baseline -0.008 -18"><span class='ocrx_word' id='word_1_35' title='bbox 132 1275 179 1318; x_wconf 88' lang='lat' dir='ltr'>ex</span> <span class='ocrx_word' id='word_1_36' title='bbox 203 1251 393 1336; x_wconf 82' lang='lat' dir='ltr'>exemplaris</span> <span class='ocrx_word' id='word_1_37' title='bbox 408 1250 588 1314; x_wconf 82' lang='lat' dir='ltr'>imitatione</span> <span class='ocrx_word' id='word_1_38' title='bbox 605 1269 756 1333; x_wconf 85' lang='lat' dir='ltr'>expressa</span> <span class='ocrx_word' id='word_1_39' title='bbox 772 1248 823 1330; x_wconf 85' lang='lat' dir='ltr'>sit,</span> <span class='ocrx_word' id='word_1_40' title='bbox 844 1248 985 1334; x_wconf 85' lang='lat' dir='ltr'>peccatis</span> <span class='ocrx_word' id='word_1_41' title='bbox 999 1247 1165 1333; x_wconf 88' lang='lat' dir='ltr'>Nyssenus</span> 
     </span>
     <span class='ocr_line' id='line_1_8' title="bbox 126 1351 1165 1436; baseline -0.006 -18"><span class='ocrx_word' id='word_1_42' title='bbox 126 1353 210 1418; x_wconf 88' lang='lat' dir='ltr'>dicit</span> <span class='ocrx_word' id='word_1_43' title='bbox 244 1355 391 1417; x_wconf 88' lang='lat' dir='ltr'>amittere</span> <span class='ocrx_word' id='word_1_44' title='bbox 428 1353 529 1436; x_wconf 90' lang='lat' dir='ltr'>iisque</span> <span class='ocrx_word' id='word_1_45' title='bbox 563 1373 597 1416; x_wconf 90' lang='lat' dir='ltr'>se</span> <span class='ocrx_word' id='word_1_46' title='bbox 632 1351 672 1414; x_wconf 90' lang='lat' dir='ltr'>ad</span> <span class='ocrx_word' id='word_1_47' title='bbox 707 1351 936 1435; x_wconf 81' lang='lat' dir='ltr'>turpitudinem</span> <span class='ocrx_word' id='word_1_48' title='bbox 970 1356 1165 1430; x_wconf 81' lang='lat' dir='ltr'>convertere,</span> 
     </span>
     <span class='ocr_line' id='line_1_9' title="bbox 125 1452 1165 1540; baseline -0.006 -19"><span class='ocrx_word' id='word_1_49' title='bbox 125 1457 194 1540; x_wconf 86' lang='lat' dir='ltr'>III,</span> <span class='ocrx_word' id='word_1_50' title='bbox 221 1457 335 1521; x_wconf 79' lang='lat'>37213.</span> <span class='ocrx_word' id='word_1_51' title='bbox 380 1455 475 1520; x_wconf 88' lang='lat' dir='ltr'>Vitiis</span> <span class='ocrx_word' id='word_1_52' title='bbox 498 1455 659 1518; x_wconf 88' lang='lat' dir='ltr'>hominem</span> <span class='ocrx_word' id='word_1_53' title='bbox 694 1475 713 1517; x_wconf 92' lang='lat' dir='ltr'>a</span> <span class='ocrx_word' id='word_1_54' title='bbox 742 1453 898 1537; x_wconf 80' lang='lat' dir='ltr'>dignitate</span> <span class='ocrx_word' id='word_1_55' title='bbox 931 1474 990 1516; x_wconf 89' lang='lat' dir='ltr'>sua</span> <span class='ocrx_word' id='word_1_56' title='bbox 1018 1452 1165 1516; x_wconf 84' lang='lat' dir='ltr'>excidere</span> 
     </span>
     <span class='ocr_line' id='line_1_10' title="bbox 130 1549 1167 1640; baseline -0.003 -19"><span class='ocrx_word' id='word_1_57' title='bbox 130 1549 214 1640; x_wconf 82' lang='grc' dir='ltr'><strong><em>,οἷον</em></strong></span> <span class='ocrx_word' id='word_1_58' title='bbox 250 1556 432 1636; x_wconf 80' lang='grc' dir='ltr'><strong><em>πάσχουσιν</em></strong></span> <span class='ocrx_word' id='word_1_59' title='bbox 473 1555 505 1619; x_wconf 78' lang='grc' dir='ltr'>οἱ</span> <span class='ocrx_word' id='word_1_60' title='bbox 542 1552 578 1628; x_wconf 76' lang='grc' dir='ltr'>ἐξ</span> <span class='ocrx_word' id='word_1_61' title='bbox 620 1549 840 1640; x_wconf 74' lang='grc' dir='ltr'><strong><em>ὀλισθόριανος</em></strong></span> <span class='ocrx_word' id='word_1_62' title='bbox 887 1551 1167 1634; x_wconf 65' lang='grc' dir='ltr'><strong><em>ἒγκανενεχθεντες</em></strong></span> 
     </span>
     <span class='ocr_line' id='line_1_11' title="bbox 126 1651 1161 1746; baseline -0.008 -20"><span class='ocrx_word' id='word_1_63' title='bbox 126 1659 319 1746; x_wconf 76' lang='grc' dir='ltr'><strong><em>βορβόρῳ</em></strong></span> <span class='ocrx_word' id='word_1_64' title='bbox 350 1711 357 1726; x_wconf 95' lang='grc'><strong>.</strong></span> <span class='ocrx_word' id='word_1_65' title='bbox 390 1713 396 1728; x_wconf 93' lang='grc'><strong>.</strong></span> <span class='ocrx_word' id='word_1_66' title='bbox 429 1711 435 1725; x_wconf 93' lang='grc'><strong>.</strong></span> <span class='ocrx_word' id='word_1_67' title='bbox 466 1651 565 1730; x_wconf 79' lang='grc' dir='ltr'><strong><em>οὕτως</em></strong></span> <span class='ocrx_word' id='word_1_68' title='bbox 593 1653 738 1728; x_wconf 80' lang='grc' dir='ltr'><strong><em>κάκεῖνος</em></strong></span> <span class='ocrx_word' id='word_1_69' title='bbox 772 1654 976 1741; x_wconf 77' lang='grc' dir='ltr'><strong><em>(ἄνθρωπος)</em></strong></span> <span class='ocrx_word' id='word_1_70' title='bbox 1005 1651 1161 1739; x_wconf 74' lang='grc' dir='ltr'><strong><em>ἐμπεσὼν</em></strong></span> 
     </span>
     <span class='ocr_line' id='line_1_12' title="bbox 126 1753 1120 1848; baseline -0.002 -21"><span class='ocrx_word' id='word_1_71' title='bbox 126 1767 178 1848; x_wconf 82' lang='grc' dir='ltr'>τῷ</span> <span class='ocrx_word' id='word_1_72' title='bbox 207 1760 399 1848; x_wconf 76' lang='grc' dir='ltr'><strong><em>βορβόρῳ</em></strong></span> <span class='ocrx_word' id='word_1_73' title='bbox 428 1765 496 1848; x_wconf 77' lang='grc' dir='ltr'>τῆς</span> <span class='ocrx_word' id='word_1_74' title='bbox 526 1758 729 1845; x_wconf 78' lang='grc' dir='ltr'><strong><em>ἁμαρτίας</em></strong></span> <span class='ocrx_word' id='word_1_75' title='bbox 757 1753 908 1825; x_wconf 82' lang='grc' dir='ltr'><strong><em>ἀπώλεσε</em></strong></span> <span class='ocrx_word' id='word_1_76' title='bbox 939 1757 978 1824; x_wconf 81' lang='grc' dir='ltr'>τὸ</span> <span class='ocrx_word' id='word_1_77' title='bbox 1009 1756 1120 1825; x_wconf 48' lang='grc' dir='ltr'><strong><em>εἰκόνι.</em></strong></span> 
     </span>
    </p>

    <p class='ocr_par' dir='ltr' id='par_1_5' title="bbox 127 1867 1164 2368">
     <span class='ocr_line' id='line_1_13' title="bbox 219 1867 1164 1952; baseline -0.007 -19"><span class='ocrx_word' id='word_1_78' title='bbox 219 1869 313 1934; x_wconf 88' lang='lat' dir='ltr'>Hanc</span> <span class='ocrx_word' id='word_1_79' title='bbox 341 1871 514 1952; x_wconf 77' lang='lat' dir='ltr'>imaginem</span> <span class='ocrx_word' id='word_1_80' title='bbox 545 1869 680 1932; x_wconf 90' lang='lat' dir='ltr'>hominis</span> <span class='ocrx_word' id='word_1_81' title='bbox 711 1869 778 1932; x_wconf 87' lang='lat' dir='ltr'>sive</span> <span class='ocrx_word' id='word_1_82' title='bbox 809 1868 934 1931; x_wconf 90' lang='lat' dir='ltr'>animae</span> <span class='ocrx_word' id='word_1_83' title='bbox 963 1867 996 1929; x_wconf 93' lang='lat' dir='ltr'>in</span> <span class='ocrx_word' id='word_1_84' title='bbox 1029 1886 1164 1930; x_wconf 89' lang='lat' dir='ltr'>coenum</span> 
     </span>
     <span class='ocr_line' id='line_1_14' title="bbox 132 1970 1162 2058; baseline -0.007 -21"><span class='ocrx_word' id='word_1_85' title='bbox 132 1973 270 2058; x_wconf 83' lang='lat' dir='ltr'>illapsae</span> <span class='ocrx_word' id='word_1_86' title='bbox 296 1971 468 2056; x_wconf 84' lang='lat' dir='ltr'>Gregorius</span> <span class='ocrx_word' id='word_1_87' title='bbox 491 1993 531 2035; x_wconf 86' lang='lat' dir='ltr'>ex</span> <span class='ocrx_word' id='word_1_88' title='bbox 550 1971 723 2036; x_wconf 80' lang='lat' dir='ltr'>Phaedone</span> <span class='ocrx_word' id='word_1_89' title='bbox 746 1971 920 2054; x_wconf 81' lang='lat' dir='ltr'>sumpsisse</span> <span class='ocrx_word' id='word_1_90' title='bbox 942 1970 1077 2051; x_wconf 83' lang='lat' dir='ltr'>videtur,</span> <span class='ocrx_word' id='word_1_91' title='bbox 1100 1988 1162 2051; x_wconf 89' lang='lat' dir='ltr'>quo</span> 
     </span>
     <span class='ocr_line' id='line_1_15' title="bbox 133 2074 1161 2159; baseline -0.006 -19"><span class='ocrx_word' id='word_1_92' title='bbox 133 2079 170 2140; x_wconf 92' lang='lat' dir='ltr'>in</span> <span class='ocrx_word' id='word_1_93' title='bbox 195 2076 321 2159; x_wconf 82' lang='lat' dir='ltr'>dialogo</span> <span class='ocrx_word' id='word_1_94' title='bbox 345 2075 424 2140; x_wconf 80' lang='lat'>690</span> <span class='ocrx_word' id='word_1_95' title='bbox 448 2075 540 2138; x_wconf 91' lang='lat' dir='ltr'>Plato</span> <span class='ocrx_word' id='word_1_96' title='bbox 557 2075 688 2159; x_wconf 83' lang='lat' dir='ltr'>exponit</span> <span class='ocrx_word' id='word_1_97' title='bbox 710 2096 794 2157; x_wconf 90' lang='lat' dir='ltr'>eum,</span> <span class='ocrx_word' id='word_1_98' title='bbox 816 2075 870 2158; x_wconf 95' lang='lat' dir='ltr'>qui</span> <span class='ocrx_word' id='word_1_99' title='bbox 892 2074 1035 2158; x_wconf 87' lang='lat' dir='ltr'>impurus</span> <span class='ocrx_word' id='word_1_100' title='bbox 1058 2092 1161 2155; x_wconf 87' lang='lat' dir='ltr'>neque</span> 
     </span>
     <span class='ocr_line' id='line_1_16' title="bbox 133 2175 1162 2264; baseline -0.007 -20"><span class='ocrx_word' id='word_1_101' title='bbox 133 2203 155 2244; x_wconf 89' lang='lat' dir='ltr'>a</span> <span class='ocrx_word' id='word_1_102' title='bbox 178 2181 262 2243; x_wconf 88' lang='lat' dir='ltr'>vitiis</span> <span class='ocrx_word' id='word_1_103' title='bbox 287 2184 440 2264; x_wconf 88' lang='lat' dir='ltr'>purgatus</span> <span class='ocrx_word' id='word_1_104' title='bbox 463 2179 495 2240; x_wconf 94' lang='lat' dir='ltr'>in</span> <span class='ocrx_word' id='word_1_105' title='bbox 508 2177 626 2242; x_wconf 90' lang='lat' dir='ltr'>Orcum</span> <span class='ocrx_word' id='word_1_106' title='bbox 649 2179 781 2260; x_wconf 85' lang='lat' dir='ltr'>venerit,</span> <span class='ocrx_word' id='word_1_107' title='bbox 804 2179 836 2240; x_wconf 94' lang='lat' dir='ltr'>in</span> <span class='ocrx_word' id='word_1_108' title='bbox 859 2197 994 2241; x_wconf 91' lang='lat' dir='ltr'>coenum</span> <span class='ocrx_word' id='word_1_109' title='bbox 1015 2175 1081 2239; x_wconf 90' lang='lat' dir='ltr'>labi</span> <span class='ocrx_word' id='word_1_110' title='bbox 1102 2175 1162 2238; x_wconf 88' lang='lat' dir='ltr'>ihi·</span> 
     </span>
     <span class='ocr_line' id='line_1_17' title="bbox 127 2275 940 2368; baseline -0.007 -22"><span class='ocrx_word' id='word_1_111' title='bbox 127 2304 195 2368; x_wconf 92' lang='lat' dir='ltr'>que</span> <span class='ocrx_word' id='word_1_112' title='bbox 217 2303 402 2346; x_wconf 89' lang='lat' dir='ltr'>mansurum</span> <span class='ocrx_word' id='word_1_113' title='bbox 426 2303 496 2345; x_wconf 90' lang='lat' dir='ltr'>esse</span> <span class='ocrx_word' id='word_1_114' title='bbox 519 2275 564 2354; x_wconf 79' lang='grc' dir='ltr'><strong><em>,ἐν</em></strong></span> <span class='ocrx_word' id='word_1_115' title='bbox 584 2277 733 2363; x_wconf 81' lang='grc' dir='ltr'><strong><em>βορβόρῳ</em></strong></span> <span class='ocrx_word' id='word_1_116' title='bbox 754 2277 940 2356; x_wconf 55' lang='grc' dir='ltr'><strong><em>κείσεεαῖὲ)</em></strong></span> 
     </span>
    </p>

    <p class='ocr_par' dir='ltr' id='par_1_6' title="bbox 34 2381 1232 3192">
     <span class='ocr_line' id='line_1_18' title="bbox 222 2381 1160 2470; baseline -0.004 -21"><span class='ocrx_word' id='word_1_117' title='bbox 222 2386 322 2450; x_wconf 90' lang='lat' dir='ltr'>Plane</span> <span class='ocrx_word' id='word_1_118' title='bbox 339 2386 435 2468; x_wconf 89' lang='lat' dir='ltr'>igitur</span> <span class='ocrx_word' id='word_1_119' title='bbox 448 2384 478 2448; x_wconf 86' lang='grc' dir='ltr'>Ν</span> <span class='ocrx_word' id='word_1_120' title='bbox 480 2405 613 2470; x_wconf 87' lang='lat' dir='ltr'>ysaenus</span> <span class='ocrx_word' id='word_1_121' title='bbox 630 2385 770 2468; x_wconf 84' lang='lat' dir='ltr'>respexit</span> <span class='ocrx_word' id='word_1_122' title='bbox 784 2384 928 2447; x_wconf 84' lang='lat' dir='ltr'>Platonis</span> <span class='ocrx_word' id='word_1_123' title='bbox 943 2381 1160 2464; x_wconf 88' lang='lat' dir='ltr'>Phaedonem,</span> 
     </span>
     <span class='ocr_line' id='line_1_19' title="bbox 131 2486 1232 2578; baseline -0.006 -23"><span class='ocrx_word' id='word_1_124' title='bbox 131 2490 196 2555; x_wconf 91' lang='lat' dir='ltr'>etsi</span> <span class='ocrx_word' id='word_1_125' title='bbox 219 2489 319 2552; x_wconf 93' lang='lat' dir='ltr'>multa</span> <span class='ocrx_word' id='word_1_126' title='bbox 341 2488 466 2551; x_wconf 90' lang='lat' dir='ltr'>illorum</span> <span class='ocrx_word' id='word_1_127' title='bbox 489 2489 658 2552; x_wconf 89' lang='lat' dir='ltr'>verborum</span> <span class='ocrx_word' id='word_1_128' title='bbox 677 2488 854 2572; x_wconf 86' lang='lat' dir='ltr'>perusitata</span> <span class='ocrx_word' id='word_1_129' title='bbox 869 2488 998 2550; x_wconf 82' lang='lat' dir='ltr'>fuerunt</span> <span class='ocrx_word' id='word_1_130' title='bbox 1021 2488 1069 2563; x_wconf 85' lang='lat' dir='ltr'>(ut</span> <span class='ocrx_word' id='word_1_131' title='bbox 1082 2486 1167 2564; x_wconf 54' lang='lat' dir='ltr'>illud,</span> <span class='ocrx_word' id='word_1_132' title='bbox 1229 2574 1232 2578; x_wconf 19' lang='grc' dir='ltr'>Ι</span> 
     </span>
     <span class='ocr_line' id='line_1_20' title="bbox 130 2590 1161 2677; baseline -0.005 -20"><span class='ocrx_word' id='word_1_133' title='bbox 130 2592 343 2677; x_wconf 88' lang='lat' dir='ltr'>Orphicorum</span> <span class='ocrx_word' id='word_1_134' title='bbox 382 2612 494 2676; x_wconf 90' lang='lat' dir='ltr'>corpus</span> <span class='ocrx_word' id='word_1_135' title='bbox 533 2612 603 2654; x_wconf 90' lang='lat' dir='ltr'>esse</span> <span class='ocrx_word' id='word_1_136' title='bbox 637 2591 798 2655; x_wconf 85' lang='lat' dir='ltr'>vinculum</span> <span class='ocrx_word' id='word_1_137' title='bbox 832 2591 970 2668; x_wconf 88' lang='lat' dir='ltr'>animae)</span> <span class='ocrx_word' id='word_1_138' title='bbox 1010 2597 1043 2654; x_wconf 84' lang='lat' dir='ltr'>et</span> <span class='ocrx_word' id='word_1_139' title='bbox 1075 2590 1161 2675; x_wconf 89' lang='lat' dir='ltr'>apud</span> 
     </span>
     <span class='ocr_line' id='line_1_21' title="bbox 128 2693 1161 2779; baseline -0.003 -19"><span class='ocrx_word' id='word_1_140' title='bbox 128 2695 314 2760; x_wconf 79' lang='lat' dir='ltr'>Platonicos</span> <span class='ocrx_word' id='word_1_141' title='bbox 337 2715 462 2779; x_wconf 90' lang='lat' dir='ltr'>quoque</span> <span class='ocrx_word' id='word_1_142' title='bbox 485 2694 547 2757; x_wconf 89' lang='lat' dir='ltr'>illis</span> <span class='ocrx_word' id='word_1_143' title='bbox 570 2693 685 2756; x_wconf 92' lang='lat' dir='ltr'>similia</span> <span class='ocrx_word' id='word_1_144' title='bbox 709 2693 823 2757; x_wconf 91' lang='lat' dir='ltr'>eodem</span> <span class='ocrx_word' id='word_1_145' title='bbox 845 2694 941 2757; x_wconf 92' lang='lat' dir='ltr'>modo</span> <span class='ocrx_word' id='word_1_146' title='bbox 965 2716 1005 2757; x_wconf 85' lang='lat' dir='ltr'>ex</span> <span class='ocrx_word' id='word_1_147' title='bbox 1026 2693 1161 2758; x_wconf 86' lang='lat' dir='ltr'>Platone</span> 
     </span>
     <span class='ocr_line' id='line_1_22' title="bbox 129 2796 1162 2882; baseline -0.002 -20"><span class='ocrx_word' id='word_1_148' title='bbox 129 2799 269 2882; x_wconf 86' lang='lat' dir='ltr'>repetita</span> <span class='ocrx_word' id='word_1_149' title='bbox 291 2797 448 2880; x_wconf 82' lang='lat' dir='ltr'>leguntur.</span> <span class='ocrx_word' id='word_1_150' title='bbox 483 2796 536 2860; x_wconf 81' lang='lat' dir='ltr'>Sic</span> <span class='ocrx_word' id='word_1_151' title='bbox 560 2797 599 2860; x_wconf 89' lang='lat' dir='ltr'>de</span> <span class='ocrx_word' id='word_1_152' title='bbox 621 2797 746 2860; x_wconf 86' lang='lat' dir='ltr'>animae</span> <span class='ocrx_word' id='word_1_153' title='bbox 762 2798 951 2880; x_wconf 87' lang='lat' dir='ltr'>purgatione</span> <span class='ocrx_word' id='word_1_154' title='bbox 967 2797 1162 2861; x_wconf 80' lang='lat' dir='ltr'>conferenda</span> 
     </span>
     <span class='ocr_line' id='line_1_23' title="bbox 129 2900 1162 2984; baseline 0 -19"><span class='ocrx_word' id='word_1_155' title='bbox 129 2907 207 2966; x_wconf 89' lang='lat' dir='ltr'>sunt</span> <span class='ocrx_word' id='word_1_156' title='bbox 234 2901 331 2965; x_wconf 84' lang='lat' dir='ltr'>verba</span> <span class='ocrx_word' id='word_1_157' title='bbox 360 2901 480 2963; x_wconf 91' lang='lat' dir='ltr'>Plotini</span> <span class='ocrx_word' id='word_1_158' title='bbox 511 2900 537 2983; x_wconf 88' lang='lat'>1,</span> <span class='ocrx_word' id='word_1_159' title='bbox 568 2904 598 2982; x_wconf 80' lang='lat'>2,</span> <span class='ocrx_word' id='word_1_160' title='bbox 612 2903 641 2983; x_wconf 78' lang='lat'>5,</span> <span class='ocrx_word' id='word_1_161' title='bbox 672 2921 753 2984; x_wconf 92' lang='lat' dir='ltr'>quae</span> <span class='ocrx_word' id='word_1_162' title='bbox 783 2901 912 2984; x_wconf 91' lang='lat' dir='ltr'>quidem</span> <span class='ocrx_word' id='word_1_163' title='bbox 943 2900 1059 2964; x_wconf 90' lang='lat' dir='ltr'>similia</span> <span class='ocrx_word' id='word_1_164' title='bbox 1087 2907 1162 2965; x_wconf 93' lang='lat' dir='ltr'>sunt</span> 
     </span>
     <span class='ocr_line' id='line_1_24' title="bbox 129 3003 1161 3089; baseline 0 -21"><span class='ocrx_word' id='word_1_165' title='bbox 129 3004 189 3069; x_wconf 92' lang='lat' dir='ltr'>sed</span> <span class='ocrx_word' id='word_1_166' title='bbox 220 3024 348 3089; x_wconf 90' lang='lat' dir='ltr'>prorsus</span> <span class='ocrx_word' id='word_1_167' title='bbox 378 3003 470 3066; x_wconf 89' lang='lat' dir='ltr'>aliter</span> <span class='ocrx_word' id='word_1_168' title='bbox 500 3003 585 3066; x_wconf 92' lang='lat' dir='ltr'>dicta</span> <span class='ocrx_word' id='word_1_169' title='bbox 614 3025 710 3086; x_wconf 90' lang='lat' dir='ltr'>quam</span> <span class='ocrx_word' id='word_1_170' title='bbox 740 3004 796 3067; x_wconf 93' lang='lat' dir='ltr'>illa</span> <span class='ocrx_word' id='word_1_171' title='bbox 824 3005 990 3067; x_wconf 89' lang='lat' dir='ltr'>Platonica</span> <span class='ocrx_word' id='word_1_172' title='bbox 1019 3011 1052 3067; x_wconf 91' lang='lat' dir='ltr'>et</span> <span class='ocrx_word' id='word_1_173' title='bbox 1082 3004 1161 3068; x_wconf 82' lang='lat' dir='ltr'>Gre-</span> 
     </span>
     <span class='ocr_line' id='line_1_25' title="bbox 34 3097 1161 3192; baseline -0.004 -22"><span class='ocrx_word' id='word_1_174' title='bbox 34 3137 37 3144; x_wconf 77' lang='lat'><em>,</em></span> <span class='ocrx_word' id='word_1_175' title='bbox 129 3107 263 3192; x_wconf 88' lang='lat' dir='ltr'>goriana</span> <span class='ocrx_word' id='word_1_176' title='bbox 279 3156 286 3170; x_wconf 97' lang='lat'>.</span> <span class='ocrx_word' id='word_1_177' title='bbox 303 3157 310 3170; x_wconf 92' lang='lat'>.</span> <span class='ocrx_word' id='word_1_178' title='bbox 327 3099 472 3187; x_wconf 82' lang='grc' dir='ltr'><strong><em>,μάλισια</em></strong></span> <span class='ocrx_word' id='word_1_179' title='bbox 488 3103 595 3189; x_wconf 80' lang='grc' dir='ltr'><strong><em>ζητεῖν</em></strong></span> <span class='ocrx_word' id='word_1_180' title='bbox 613 3109 668 3184; x_wconf 82' lang='lat' dir='ltr'>(sc.</span> <span class='ocrx_word' id='word_1_181' title='bbox 685 3100 785 3182; x_wconf 79' lang='grc' dir='ltr'><strong><em>ἐσιὶν)</em></strong></span> <span class='ocrx_word' id='word_1_182' title='bbox 801 3097 912 3184; x_wconf 70' lang='grc' dir='ltr'><strong><em>θυμόν</em></strong></span> <span class='ocrx_word' id='word_1_183' title='bbox 927 3105 996 3174; x_wconf 81' lang='grc' dir='ltr'>πῶς</span> <span class='ocrx_word' id='word_1_184' title='bbox 1014 3108 1161 3189; x_wconf 74' lang='grc' dir='ltr'><strong><em>καθαίρει</em></strong></span> 
     </span>
    </p>
   </div>
   <div class='ocr_carea' id='block_1_4' title="bbox 131 3240 1160 3397">
    <p class='ocr_par' dir='ltr' id='par_1_7' title="bbox 131 3240 1160 3397">
     <span class='ocr_line' id='line_1_26' title="bbox 221 3240 1159 3313; baseline 0.002 -21"><span class='ocrx_word' id='word_1_185' title='bbox 221 3241 241 3313; x_wconf 86' lang='lat'>¹)</span> <span class='ocrx_word' id='word_1_186' title='bbox 260 3240 324 3293; x_wconf 88' lang='lat' dir='ltr'>Hac</span> <span class='ocrx_word' id='word_1_187' title='bbox 348 3240 472 3310; x_wconf 87' lang='lat' dir='ltr'>imagine</span> <span class='ocrx_word' id='word_1_188' title='bbox 496 3241 693 3295; x_wconf 85' lang='lat' dir='ltr'>Nazianzenus</span> <span class='ocrx_word' id='word_1_189' title='bbox 721 3257 806 3309; x_wconf 82' lang='lat' dir='ltr'>saepe</span> <span class='ocrx_word' id='word_1_190' title='bbox 832 3240 937 3294; x_wconf 84' lang='lat' dir='ltr'>utitur:</span> <span class='ocrx_word' id='word_1_191' title='bbox 963 3240 1159 3308; x_wconf 78' lang='lat' dir='ltr'>11‚84A10;</span> 
     </span>
     <span class='ocr_line' id='line_1_27' title="bbox 131 3327 1160 3397; baseline 0 -17"><span class='ocrx_word' id='word_1_192' title='bbox 131 3327 248 3382; x_wconf 74' lang='lat'>12501</span> <span class='ocrx_word' id='word_1_193' title='bbox 269 3327 501 3395; x_wconf 78' lang='lat' dir='ltr'><strong>-11‚497A7</strong></span> <span class='ocrx_word' id='word_1_194' title='bbox 521 3360 552 3366; x_wconf 83' lang='lat'>—</span> <span class='ocrx_word' id='word_1_195' title='bbox 573 3327 627 3394; x_wconf 87' lang='lat' dir='ltr'>Ill,</span> <span class='ocrx_word' id='word_1_196' title='bbox 646 3327 713 3379; x_wconf 65' lang='lat' dir='ltr'>6&lt;ss</span> <span class='ocrx_word' id='word_1_197' title='bbox 734 3359 766 3364; x_wconf 93' lang='lat'>—</span> <span class='ocrx_word' id='word_1_198' title='bbox 786 3327 943 3394; x_wconf 86' lang='lat' dir='ltr'>(Platonem</span> <span class='ocrx_word' id='word_1_199' title='bbox 963 3329 1055 3397; x_wconf 86' lang='lat' dir='ltr'>ipsnm</span> <span class='ocrx_word' id='word_1_200' title='bbox 1073 3329 1160 3380; x_wconf 90' lang='lat' dir='ltr'>nomi-</span> 
     </span>
    </p>
   </div>
   <div class='ocr_carea' id='block_1_5' title="bbox 129 3414 1161 4448">
    <p class='ocr_par' dir='ltr' id='par_1_8' title="bbox 129 3414 1161 3839">
     <span class='ocr_line' id='line_1_28' title="bbox 129 3414 1159 3485; baseline 0.001 -17"><span class='ocrx_word' id='word_1_201' title='bbox 129 3417 222 3484; x_wconf 89' lang='lat' dir='ltr'>nans).</span> <span class='ocrx_word' id='word_1_202' title='bbox 259 3415 302 3470; x_wconf 88' lang='lat' dir='ltr'>Cf.</span> <span class='ocrx_word' id='word_1_203' title='bbox 323 3415 468 3470; x_wconf 85' lang='lat' dir='ltr'>Gottwald</span> <span class='ocrx_word' id='word_1_204' title='bbox 487 3416 505 3468; x_wconf 91' lang='lat'>1.</span> <span class='ocrx_word' id='word_1_205' title='bbox 525 3433 548 3468; x_wconf 85' lang='lat' dir='ltr'>c.</span> <span class='ocrx_word' id='word_1_206' title='bbox 568 3435 594 3485; x_wconf 92' lang='lat' dir='ltr'>p.</span> <span class='ocrx_word' id='word_1_207' title='bbox 615 3417 656 3483; x_wconf 77' lang='lat'>12,</span> <span class='ocrx_word' id='word_1_208' title='bbox 676 3434 703 3485; x_wconf 92' lang='lat' dir='ltr'>p.</span> <span class='ocrx_word' id='word_1_209' title='bbox 722 3416 766 3470; x_wconf 86' lang='lat'>34.</span> <span class='ocrx_word' id='word_1_210' title='bbox 792 3447 824 3454; x_wconf 95' lang='lat'><em>—</em></span> <span class='ocrx_word' id='word_1_211' title='bbox 848 3414 925 3469; x_wconf 90' lang='lat' dir='ltr'>Jahn</span> <span class='ocrx_word' id='word_1_212' title='bbox 945 3416 1085 3482; x_wconf 81' lang='lat' dir='ltr'>„Methcd</span> <span class='ocrx_word' id='word_1_213' title='bbox 1105 3417 1159 3485; x_wconf 77' lang='lat' dir='ltr'>pl.“</span> 
     </span>
     <span class='ocr_line' id='line_1_29' title="bbox 131 3503 1161 3573; baseline 0.001 -17"><span class='ocrx_word' id='word_1_214' title='bbox 131 3503 197 3556; x_wconf 88' lang='lat' dir='ltr'>adn.</span> <span class='ocrx_word' id='word_1_215' title='bbox 215 3503 280 3570; x_wconf 76' lang='lat'>4863</span> <span class='ocrx_word' id='word_1_216' title='bbox 300 3504 365 3570; x_wconf 75' lang='lat'>4873</span> <span class='ocrx_word' id='word_1_217' title='bbox 386 3504 450 3570; x_wconf 75' lang='lat'>5333</span> <span class='ocrx_word' id='word_1_218' title='bbox 471 3503 530 3556; x_wconf 74' lang='lat'>642.</span> <span class='ocrx_word' id='word_1_219' title='bbox 551 3536 583 3542; x_wconf 91' lang='lat'><strong>—</strong></span> <span class='ocrx_word' id='word_1_220' title='bbox 605 3505 735 3557; x_wconf 89' lang='lat' dir='ltr'>Plotinus</span> <span class='ocrx_word' id='word_1_221' title='bbox 753 3503 1025 3573; x_wconf 88' lang='lat' dir='ltr'>hancOrphicorum</span> <span class='ocrx_word' id='word_1_222' title='bbox 1043 3504 1161 3558; x_wconf 83' lang='lat' dir='ltr'>adhibet</span> 
     </span>
     <span class='ocr_line' id='line_1_30' title="bbox 132 3590 1159 3663; baseline 0.004 -21"><span class='ocrx_word' id='word_1_223' title='bbox 132 3591 304 3643; x_wconf 88' lang='lat' dir='ltr'>sententiam</span> <span class='ocrx_word' id='word_1_224' title='bbox 321 3591 358 3644; x_wconf 89' lang='lat' dir='ltr'>ad</span> <span class='ocrx_word' id='word_1_225' title='bbox 377 3590 558 3644; x_wconf 88' lang='lat' dir='ltr'>Phaedonem</span> <span class='ocrx_word' id='word_1_226' title='bbox 578 3592 719 3645; x_wconf 90' lang='lat' dir='ltr'>alludens:</span> <span class='ocrx_word' id='word_1_227' title='bbox 740 3592 790 3660; x_wconf 83' lang='lat' dir='ltr'>IV,</span> <span class='ocrx_word' id='word_1_228' title='bbox 807 3592 858 3659; x_wconf 82' lang='lat'>8‚1</span> <span class='ocrx_word' id='word_1_229' title='bbox 877 3610 935 3662; x_wconf 78' lang='lat' dir='ltr'>seq.</span> <span class='ocrx_word' id='word_1_230' title='bbox 961 3623 994 3630; x_wconf 91' lang='lat'>—</span> <span class='ocrx_word' id='word_1_231' title='bbox 1021 3592 1159 3663; x_wconf 85' lang='lat' dir='ltr'>Porphyr.</span> 
     </span>
     <span class='ocr_line' id='line_1_31' title="bbox 131 3677 1160 3752; baseline 0.005 -22"><span class='ocrx_word' id='word_1_232' title='bbox 131 3682 203 3731; x_wconf 86' lang='lat' dir='ltr'>sent</span> <span class='ocrx_word' id='word_1_233' title='bbox 229 3677 309 3732; x_wconf 89' lang='lat' dir='ltr'>VIII.</span> <span class='ocrx_word' id='word_1_234' title='bbox 337 3683 390 3732; x_wconf 88' lang='lat' dir='ltr'>etc.</span> <span class='ocrx_word' id='word_1_235' title='bbox 427 3680 511 3745; x_wconf 76' lang='lat' dir='ltr'>Nysa.</span> <span class='ocrx_word' id='word_1_236' title='bbox 538 3685 686 3750; x_wconf 86' lang='lat' dir='ltr'>praeterea</span> <span class='ocrx_word' id='word_1_237' title='bbox 711 3680 734 3748; x_wconf 86' lang='grc' dir='ltr'>Ι,</span> <span class='ocrx_word' id='word_1_238' title='bbox 753 3680 875 3734; x_wconf 67' lang='lat' dir='ltr'>teani</span> <span class='ocrx_word' id='word_1_239' title='bbox 902 3679 951 3751; x_wconf 89' lang='lat' dir='ltr'>(cf.</span> <span class='ocrx_word' id='word_1_240' title='bbox 970 3697 1036 3752; x_wconf 87' lang='lat' dir='ltr'>pag.</span> <span class='ocrx_word' id='word_1_241' title='bbox 1055 3682 1100 3747; x_wconf 85' lang='lat'>54)</span> <span class='ocrx_word' id='word_1_242' title='bbox 1128 3713 1160 3720; x_wconf 85' lang='lat'>-</span> 
     </span>
     <span class='ocr_line' id='line_1_32' title="bbox 132 3766 900 3839; baseline 0.008 -21"><span class='ocrx_word' id='word_1_243' title='bbox 132 3781 274 3818; x_wconf 88' lang='lat' dir='ltr'>unacum</span> <span class='ocrx_word' id='word_1_244' title='bbox 294 3766 357 3819; x_wconf 88' lang='lat' dir='ltr'>aliis</span> <span class='ocrx_word' id='word_1_245' title='bbox 377 3767 506 3820; x_wconf 87' lang='lat' dir='ltr'>Platonis</span> <span class='ocrx_word' id='word_1_246' title='bbox 525 3768 619 3823; x_wconf 87' lang='lat' dir='ltr'>verbis</span> <span class='ocrx_word' id='word_1_247' title='bbox 639 3773 724 3839; x_wconf 87' lang='lat' dir='ltr'>atque</span> <span class='ocrx_word' id='word_1_248' title='bbox 743 3769 900 3824; x_wconf 86' lang='lat' dir='ltr'>sententiis.</span> 
     </span>
    </p>

    <p class='ocr_par' dir='ltr' id='par_1_9' title="bbox 129 3850 1161 4448">
     <span class='ocr_line' id='line_1_33' title="bbox 221 3850 1161 3931; baseline 0.004 -26"><span class='ocrx_word' id='word_1_249' title='bbox 221 3855 243 3920; x_wconf 77' lang='lat'>²)</span> <span class='ocrx_word' id='word_1_250' title='bbox 269 3851 312 3906; x_wconf 83' lang='lat' dir='ltr'>Of.</span> <span class='ocrx_word' id='word_1_251' title='bbox 338 3853 404 3906; x_wconf 86' lang='lat' dir='ltr'>Bas.</span> <span class='ocrx_word' id='word_1_252' title='bbox 431 3853 485 3920; x_wconf 85' lang='grc' dir='ltr'><strong>ΙΙΙ,</strong></span> <span class='ocrx_word' id='word_1_253' title='bbox 511 3855 607 3908; x_wconf 76' lang='grc' dir='ltr'><strong><em>5848ε</em></strong></span> <span class='ocrx_word' id='word_1_254' title='bbox 635 3855 683 3920; x_wconf 78' lang='grc' dir='ltr'><strong><em>,ἐνὶ</em></strong></span> <span class='ocrx_word' id='word_1_255' title='bbox 711 3850 738 3909; x_wconf 75' lang='lat' dir='ltr'>dt</span> <span class='ocrx_word' id='word_1_256' title='bbox 764 3854 838 3926; x_wconf 68' lang='grc' dir='ltr'>λόγῳ</span> <span class='ocrx_word' id='word_1_257' title='bbox 864 3850 967 3921; x_wconf 77' lang='grc' dir='ltr'><strong><em>παντὸς</em></strong></span> <span class='ocrx_word' id='word_1_258' title='bbox 994 3855 1161 3931; x_wconf 81' lang='grc' dir='ltr'><strong><em>ὑσεροστέον</em></strong></span> 
     </span>
     <span class='ocr_line' id='line_1_34' title="bbox 131 3937 1161 4017; baseline 0.005 -25"><span class='ocrx_word' id='word_1_259' title='bbox 131 3946 186 3992; x_wconf 86' lang='grc' dir='ltr'>τοῦ</span> <span class='ocrx_word' id='word_1_260' title='bbox 206 3939 334 4008; x_wconf 77' lang='grc' dir='ltr'><strong><em>σωματος</em></strong></span> <span class='ocrx_word' id='word_1_261' title='bbox 353 3946 392 4010; x_wconf 75' lang='grc' dir='ltr'>τῷ</span> <span class='ocrx_word' id='word_1_262' title='bbox 411 3937 447 4010; x_wconf 76' lang='grc' dir='ltr'>μή</span> <span class='ocrx_word' id='word_1_263' title='bbox 466 3940 502 4008; x_wconf 75' lang='grc' dir='ltr'>ως</span> <span class='ocrx_word' id='word_1_264' title='bbox 531 3941 565 3994; x_wconf 84' lang='grc' dir='ltr'><strong><em>ἐν</em></strong></span> <span class='ocrx_word' id='word_1_265' title='bbox 591 3940 758 4017; x_wconf 86' lang='grc' dir='ltr'><strong><em>βορβόρω</em></strong></span> <span class='ocrx_word' id='word_1_266' title='bbox 784 3952 866 4006; x_wconf 79' lang='grc' dir='ltr'><strong><em>ταῖς</em></strong></span> <span class='ocrx_word' id='word_1_267' title='bbox 894 3938 1048 4007; x_wconf 75' lang='grc' dir='ltr'><strong><em>ἡδοναῖς</em></strong></span> <span class='ocrx_word' id='word_1_268' title='bbox 1068 3943 1161 4017; x_wconf 82' lang='grc' dir='ltr'>αὐτοῦΙ</span> 
     </span>
     <span class='ocr_line' id='line_1_35' title="bbox 130 4023 1160 4104; baseline 0.004 -24"><span class='ocrx_word' id='word_1_269' title='bbox 130 4023 355 4104; x_wconf 66' lang='grc' dir='ltr'><strong><em>κατορωρύχθαι</em></strong></span> <span class='ocrx_word' id='word_1_270' title='bbox 381 4028 510 4096; x_wconf 84' lang='grc' dir='ltr'><strong><em>μέλλοντι</em></strong></span> <span class='ocrx_word' id='word_1_271' title='bbox 533 4027 649 4098; x_wconf 82' lang='lat' dir='ltr'>(Phaed.</span> <span class='ocrx_word' id='word_1_272' title='bbox 669 4029 747 4102; x_wconf 74' lang='lat'>690)</span> <span class='ocrx_word' id='word_1_273' title='bbox 773 4023 791 4094; x_wconf 76' lang='grc' dir='ltr'><em>ἣ</em></span> <span class='ocrx_word' id='word_1_274' title='bbox 815 4035 876 4094; x_wconf 70' lang='grc' dir='ltr'>τῆς</span> <span class='ocrx_word' id='word_1_275' title='bbox 900 4036 1019 4098; x_wconf 75' lang='grc' dir='ltr'><strong><em>ψυχῆς</em></strong></span> <span class='ocrx_word' id='word_1_276' title='bbox 1044 4031 1160 4102; x_wconf 78' lang='grc' dir='ltr'><strong><em>ἐπιμέ-</em></strong></span> 
     </span>
     <span class='ocr_line' id='line_1_36' title="bbox 131 4111 1161 4189; baseline 0.007 -23"><span class='ocrx_word' id='word_1_277' title='bbox 131 4115 234 4168; x_wconf 77' lang='grc' dir='ltr'><strong><em>λειαν</em></strong></span> <span class='ocrx_word' id='word_1_278' title='bbox 260 4112 358 4182; x_wconf 76' lang='grc' dir='ltr'><strong><em>ἔχειν</em></strong></span> <span class='ocrx_word' id='word_1_279' title='bbox 383 4120 505 4169; x_wconf 79' lang='grc' dir='ltr'><strong><em>πᾶσαν</em></strong></span> <span class='ocrx_word' id='word_1_280' title='bbox 526 4111 665 4184; x_wconf 78' lang='grc' dir='ltr'><strong><em>σχολὴν</em></strong></span> <span class='ocrx_word' id='word_1_281' title='bbox 684 4112 753 4170; x_wconf 77' lang='grc' dir='ltr'>ἀπὸ</span> <span class='ocrx_word' id='word_1_282' title='bbox 779 4124 847 4170; x_wconf 78' lang='grc' dir='ltr'><strong><em>τῶν</em></strong></span> <span class='ocrx_word' id='word_1_283' title='bbox 866 4114 987 4172; x_wconf 85' lang='grc' dir='ltr'><strong><em>ἄλλων</em></strong></span> <span class='ocrx_word' id='word_1_284' title='bbox 1006 4116 1161 4189; x_wconf 73' lang='grc' dir='ltr'><strong><em>ἄγοντας</em></strong></span> 
     </span>
     <span class='ocr_line' id='line_1_37' title="bbox 132 4193 1161 4276; baseline 0.006 -22"><span class='ocrx_word' id='word_1_285' title='bbox 132 4203 178 4268; x_wconf 84' lang='lat' dir='ltr'>(ex</span> <span class='ocrx_word' id='word_1_286' title='bbox 209 4200 282 4252; x_wconf 88' lang='lat' dir='ltr'>Tim.</span> <span class='ocrx_word' id='word_1_287' title='bbox 315 4202 348 4255; x_wconf 89' lang='grc'>18</span> <span class='ocrx_word' id='word_1_288' title='bbox 363 4201 397 4270; x_wconf 88' lang='grc' dir='ltr'>Β)</span> <span class='ocrx_word' id='word_1_289' title='bbox 440 4209 582 4257; x_wconf 86' lang='grc' dir='ltr'><strong><em>τοσοῦτον</em></strong></span> <span class='ocrx_word' id='word_1_290' title='bbox 625 4201 774 4256; x_wconf 70' lang='grc' dir='ltr'><strong><em>ἀνθεκτέον</em></strong></span> <span class='ocrx_word' id='word_1_291' title='bbox 816 4202 917 4272; x_wconf 85' lang='grc' dir='ltr'><strong><em>αὐτοῦ,</em></strong></span> <span class='ocrx_word' id='word_1_292' title='bbox 960 4193 1032 4260; x_wconf 81' lang='grc' dir='ltr'><strong><em>ὅταν</em></strong></span> <span class='ocrx_word' id='word_1_293' title='bbox 1075 4209 1161 4276; x_wconf 79' lang='grc' dir='ltr'><strong><em>φησὶν</em></strong></span> 
     </span>
     <span class='ocr_line' id='line_1_38' title="bbox 131 4287 1159 4366; baseline 0.004 -23"><span class='ocrx_word' id='word_1_294' title='bbox 131 4287 253 4343; x_wconf 82' lang='grc' dir='ltr'><strong><em>Πλάτων</em></strong></span> <span class='ocrx_word' id='word_1_295' title='bbox 281 4289 362 4359; x_wconf 83' lang='lat' dir='ltr'>(Rep.</span> <span class='ocrx_word' id='word_1_296' title='bbox 389 4289 486 4358; x_wconf 75' lang='lat'>4983)</span> <span class='ocrx_word' id='word_1_297' title='bbox 522 4289 719 4366; x_wconf 79' lang='grc' dir='ltr'><strong><em>ὑπηρεσίαν</em></strong></span> <span class='ocrx_word' id='word_1_298' title='bbox 753 4292 963 4364; x_wconf 80' lang='grc' dir='ltr'><strong><em>φιλοσοφίῳ</em></strong></span> <span class='ocrx_word' id='word_1_299' title='bbox 999 4296 1159 4363; x_wconf 39' lang='grc' dir='ltr'><strong><em>κτωμένους,</em></strong></span> 
     </span>
     <span class='ocr_line' id='line_1_39' title="bbox 129 4375 1159 4448; baseline 0.006 -20"><span class='ocrx_word' id='word_1_300' title='bbox 129 4375 186 4428; x_wconf 82' lang='grc' dir='ltr'><strong><em>Ηὶε</em></strong></span> <span class='ocrx_word' id='word_1_301' title='bbox 212 4376 300 4446; x_wconf 86' lang='lat' dir='ltr'>igitur</span> <span class='ocrx_word' id='word_1_302' title='bbox 325 4376 421 4430; x_wconf 85' lang='lat' dir='ltr'>verbis</span> <span class='ocrx_word' id='word_1_303' title='bbox 440 4377 504 4430; x_wconf 88' lang='lat' dir='ltr'>Bas.</span> <span class='ocrx_word' id='word_1_304' title='bbox 524 4377 673 4431; x_wconf 79' lang='lat' dir='ltr'>manifeste</span> <span class='ocrx_word' id='word_1_305' title='bbox 698 4383 757 4432; x_wconf 86' lang='lat' dir='ltr'>tres</span> <span class='ocrx_word' id='word_1_306' title='bbox 776 4379 905 4432; x_wconf 85' lang='lat' dir='ltr'>Platonis</span> <span class='ocrx_word' id='word_1_307' title='bbox 930 4381 1049 4448; x_wconf 81' lang='lat' dir='ltr'>respicit</span> <span class='ocrx_word' id='word_1_308' title='bbox 1073 4381 1159 4436; x_wconf 88' lang='lat' dir='ltr'>locos.</span> 
     </span>
    </p>
   </div>
   <div class='ocr_carea' id='block_1_6' title="bbox 0 0 1528 5084">
    <p class='ocr_par' dir='ltr' id='par_1_10' title="bbox 0 0 1528 5084">
     <span class='ocr_line' id='line_1_40' title="bbox 0 0 1528 5084; baseline 0 0"><span class='ocrx_word' id='word_1_309' title='bbox 0 0 1528 5084; x_wconf 95' lang='lat' dir='ltr'> </span> 
     </span>
    </p>
   </div>
  </div>
 </body>
</html>
