3042 5084
544 543 732 602 ..7..

120 727 202 770 nare
225 707 355 770 volebat
377 706 503 790 dogma,
528 707 613 791 quod
637 714 686 771 est
708 707 749 770 de
768 707 918 788 trinitate,
942 715 975 771 et
988 708 1019 769 N
1020 729 1153 792 yssenus

118 810 155 873 in
186 811 268 874 libro
301 817 411 874 contra
434 809 653 894 Apollinarem
682 831 754 874 eam
788 810 880 893 longe
908 832 1007 874 asna
1035 810 1152 876 distare

119 919 235 995 negat:
258 913 302 994 H,
321 913 463 996 1140A3
489 913 608 977 12330
631 920 690 978 etc.
715 950 754 958 -—
779 913 1000 976 Nazianzenus
1022 914 1152 976 omnino
1214 997 1217 1002 .

120 1017 296 1080 assentitur
318 1016 392 1081 huic
415 1016 595 1102 doctrinae:
619 1017 680 1097 ΙΙΙ,
704 1017 776 1099 465,
799 1038 829 1081 ν.
853 1019 889 1081 2:
1170 1000 1175 1007 ⁶

334 1115 367 1182 ἐκ
397 1119 494 1198 τριῶν
526 1123 727 1202 συγκειμένην
758 1118 817 1201 (sc.
844 1116 939 1198 ἴσμεν
972 1111 1151 1199 ἀνθρώπου

952 1218 1063 1302 φύσιν)

227 1323 331 1408 ψυχῆς
353 1326 460 1387 τεκαὶ
483 1323 538 1386 νοῦ
561 1311 613 1386 'aiot
636 1323 760 1400 πάχους
783 1324 841 1386 τοῦ
862 1321 1015 1408 σώματος.

122 1429 173 1493 Of.
198 1430 273 1494 Bas.
296 1429 358 1512 ΙΠ,
381 1431 444 1493 204
467 1429 498 1494 Α
522 1435 550 1493 9.

209 1533 395 1616 Pergamus.
451 1532 630 1596 Nonnullae
665 1540 831 1617 praeterea
864 1533 949 1617 apud
982 1533 1149 1616 Basilium‚

122 1637 312 1719 Gregorium
341 1637 579 1700 Nazianzenum
615 1636 863 1720 Nyssenumque
905 1643 1035 1700 exstant
1078 1659 1149 1701 sen·

121 1739 251 1820 tentiae,
283 1759 364 1821 qnae
394 1739 495 1823 primo
525 1738 679 1820 adspectu
708 1738 946 1802 Platonicorum
978 1740 1076 1803 luisse
1105 1741 1149 1803 vi·

118 1839 245 1904 dentur.
291 1840 355 1905 Sed
383 1861 495 1904 omnes
529 1842 609 1904 istae
643 1842 821 1905 sententiae
854 1848 910 1905 aut
941 1841 1077 1906 redeunt
1108 1842 1149 1904 ad

118 1942 288 2006 Philonem
311 1943 478 2026 Iudaeum,
510 1965 605 2028 quem
628 1950 784 2008 noverant
811 1950 875 2008 tres
898 1945 943 2008 illi
965 1945 1105 2029 episcopi
1113 1945 1148 2026 1),

117 2050 175 2108 aut
198 2045 284 2129 apud
307 2052 414 2130 patres
442 2047 495 2130 qui
527 2052 623 2110 antea
652 2048 782 2111 fuerunt
816 2083 852 2092 -
890 2047 1062 2130 Origenem
1089 2047 1148 2110 im·

118 2149 229 2232 primis
250 2187 292 2218 ,-
316 2149 381 2212 iam
406 2155 534 2213 exstant
561 2171 602 2214 ex
633 2149 735 2234 iisque
759 2150 800 2213 ad
823 2151 1015 2214 sententiam
1038 2151 1147 2233 vulga·

116 2273 185 2314 rem
209 2258 445 2336 permanerunt.
1136 2247 1140 2252 “

201 2357 368 2441 Nyssenus
391 2356 498 2420 nmltis
521 2356 599 2419 locis
622 2355 717 2420 deum
746 2356 884 2440 primum
914 2377 1040 2419 creasse
1070 2355 1147 2418 dicit

116 2460 271 2523 mundum
295 2481 379 2543 eum,
403 2461 456 2544 qui
480 2459 547 2522 sola
570 2466 678 2523 mente
701 2460 821 2544 percipi
849 2460 951 2544 possit
981 2495 1020 2502 -
1050 2481 1145 2543 quam

117 2563 310 2626 sententiam
334 2583 491 2646 nusquam
514 2569 621 2646 patres
645 2568 710 2625 tam
742 2569 889 2626 accurate
920 2567 1145 2646 exposuerunt.

116 2666 155 2728 In
179 2666 343 2750 principie,
368 2666 472 2730 idest
502 2673 576 2730 ante
608 2687 702 2729 omne
733 2672 869 2749 tempus,
903 2666 981 2730 deus
1004 2666 1146 2728 omnium

117 2791 223 2833 rerum
247 2771 429 2834 occasiones
452 2791 564 2834 causas
587 2776 825 2854 potestatesque
848 2775 1009 2833 momento
1025 2791 1063 2833 ac
1079 2768 1147 2832 sine

116 2875 180 2937 ullo
204 2869 355 2958 temporis
387 2875 489 2958 spatio
520 2875 596 2938 lecit
627 2874 679 2951 (cf.
703 2874 765 2955 ΙΙΙ,
791 2876 853 2937 124
875 2895 940 2957 seq.
963 2874 990 2956 Ι,
1014 2877 1055 2938 70
1078 2894 1141 2956 seq.

117 3015 156 3022 -
180 2977 334 3061 imprimis
356 2978 383 3060 Ι,
408 2980 447 3041 72
462 2978 493 3041 A
516 2999 582 3062 seq.
604 2978 681 3043 Bo:
715 2973 847 3038 πάντων
880 2978 944 3038 τῶν
965 2971 1068 3038 ὄντων
1089 2969 1143 3044 τὰς

205 3182 226 3247 ¹)
247 3179 368 3234 Basilius
386 3178 515 3232 Philonis
534 3180 702 3232 sententiam
722 3177 864 3248 quandam
888 3177 975 3230 affert
992 3176 1043 3243 IV,
1061 3178 1142 3232 7000

116 3267 277 3335 (ep.190‚3
305 3299 336 3305 —
365 3267 401 3318 cl.
427 3265 499 3318 Phil.
525 3266 569 3319 ed.
594 3265 863 3321 Cohn·Wendland
890 3265 979 3334 praef.
1005 3282 1032 3333 p.
1056 3263 1142 3333 CIV.)

115 3353 281 3407 Praeterea:
309 3353 381 3406 Phil.
410 3353 444 3407 de
473 3370 517 3424 op.
543 3353 638 3405 mundi
666 3352 715 3405 149
734 3358 762 3404 ct
782 3351 847 3404 Bas.
867 3352 889 3418 Ι,
909 3352 982 3404 80ss.
993 3351 1018 3404 2.
1054 3350 1141 3427 Deni-

114 3457 168 3510 que
186 3441 252 3508 alia,
271 3457 343 3510 quae
363 3441 427 3494 Bas.
447 3447 475 3494 et
489 3441 572 3506 Nyss.
609 3439 723 3492 Philoni
742 3439 856 3505 debent,
878 3438 1020 3508 Sieglried
1039 3438 1141 3505 „Philo

115 3545 139 3582 v.
159 3527 348 3581 Alexandria“
369 3528 427 3581 len.
448 3528 516 3582 1875
534 3546 560 3599 p.
577 3528 629 3580 369
649 3527 744 3580 affert.
767 3559 801 3566 -
820 3528 968 3594 Nyssenus
987 3525 1142 3579 identidem

114 3616 260 3669 Philonem
288 3616 400 3670 laudat:
428 3616 467 3683 ll,
485 3616 571 3670 804ss
589 3615 728 3668 Eunomi'o
747 3614 873 3667 refutato
902 3615 956 3668 ait:
985 3610 1062 3668 οὕτω
1083 3655 1089 3667 .
1109 3653 1142 3670 ..

113 3704 186 3758 ἔστιν
210 3701 296 3779 εὑρεῖν
321 3705 442 3774 κείμενον
468 3698 545 3780 παρὰ
571 3710 610 3774 τῷ
635 3702 758 3779 Ἑβραίῳ
786 3702 945 3770 (Philonem
971 3703 1055 3772 sign.)
1091 3701 1144 3756 τὸν

114 3789 198 3858 λόγον
216 3784 251 3842 τὸ
270 3788 294 3859 ,ὁ
313 3786 377 3855 θεὸς
395 3786 446 3868 πρὸ
467 3797 524 3844 τῶν
545 3788 639 3843 ἄλλων
657 3787 714 3844 ὅσα
734 3788 868 3858 qcvrazroi·¹
905 3791 984 3854 Quae
1003 3792 1091 3845 verba
1109 3808 1143 3844 ex

49 3937 62 3950 ι,
112 3876 184 3932 libro
203 3877 326 3947 quodam
339 3878 452 3932 Philoni
470 3895 527 3932 non
546 3882 660 3932 servato
679 3883 793 3947 sumpta
811 3895 872 3932 esse
891 3879 1026 3932 videntur
1039 3881 1143 3948 (nequo

113 3963 220 4018 Colmio
239 3971 268 4018 et
287 3965 477 4020 Wendlandio
508 3965 674 4032 editoribus,
707 3972 739 4018 ut
765 3965 886 4033 videtur,
911 3972 981 4019 nola
1004 3965 1142 4038 fuerunt).

112 4052 263 4105 Praeterea
283 4052 322 4120 ΙΙ,
340 4053 392 4107 148
410 4053 557 4106 Philonem
575 4053 677 4108 laudat
697 4085 727 4092 —-
748 4070 801 4106 nec
819 4053 911 4108 minus
931 4071 994 4106 eum
1019 4054 1048 4106 in
1067 4054 1141 4107 libro

113 4138 146 4192 da
164 4138 237 4192 hom.
257 4140 325 4210 opis.
352 4140 389 4193 ad
414 4140 531 4195 verbum
557 4140 618 4194 lere
642 4141 793 4210 exscripsit
817 4141 872 4208 (cf.
892 4142 977 4207 Nyss.
1003 4141 1026 4208 1,
1053 4139 1138 4195 135A

110 4243 168 4295 seq.
187 4231 216 4278 et
234 4225 306 4280 Phil.
326 4227 389 4294 lud,
417 4227 452 4280 de
472 4227 541 4297 opii.
561 4228 659 4282 mundi
685 4229 719 4282 78
740 4245 798 4297 seq.
824 4228 859 4280 8⁶3
877 4230 953 4296 seq).
979 4259 1012 4266 -—
1037 4227 1137 4297 Neque

116 4312 149 4366 ds
169 4313 353 4368 Nazianzeno
372 4315 499 4369 dubitari
517 4320 619 4385 potest,
638 4317 707 4387 quin
724 4315 871 4370 Philonem
890 4315 1009 4369 noverit.
