3042 5084
194 1276 254 1425 Ut
276 1359 392 1438 patres,
415 1353 468 1438 qui
498 1360 572 1418 ante
594 1355 760 1439 Basilium,
785 1355 973 1439 Gregorium
995 1354 1132 1419 Nazian-

104 1478 219 1521 zenum
248 1457 493 1543 Nyssenumque
523 1459 661 1543 fuerunt,
689 1461 723 1523 in
759 1459 918 1544 dogmatis
943 1459 1131 1535 rationibus·

104 1582 166 1646 que
190 1561 434 1645 comprobandis
449 1559 594 1626 Platonis
613 1563 769 1648 imprimis
784 1564 833 1626 usi
849 1567 941 1626 erant
955 1563 1131 1645 sententiis,

105 1685 178 1728 oum
218 1663 348 1728 minime
383 1663 590 1728 abhorrerent
632 1687 651 1728 a
681 1664 934 1729 Christianorum
970 1663 1131 1746 doctrinis,

105 1767 151 1830 sic
185 1773 249 1830 tres
282 1767 352 1830 illos
386 1766 606 1852 Cappadocios
639 1769 693 1852 qui
726 1769 933 1832 nominantur
965 1768 1132 1852 episcopos

104 1871 207 1934 multa
228 1867 356 1934 Platoni
379 1869 495 1934 debere
529 1871 589 1934 hoc
623 1872 776 1956 opusculo
805 1871 1023 1935 demonstrare
1053 1868 1131 1932 mihi

104 1974 265 2058 proposui.
666 2045 668 2049 ¹
1105 1963 1112 1981 ⁸

191 2076 293 2140 Plane
316 2076 444 2161 quidem
466 2084 612 2162 apertum
636 2084 685 2143 est
706 2079 850 2142 Platonis
880 2077 1045 2143 sententiis
1076 2097 1131 2141 eos

104 2179 245 2244 maxime
275 2200 349 2244 usos
379 2200 450 2244 esse
478 2181 518 2244 iis
546 2181 634 2264 locis,
664 2181 778 2265 quibus
810 2181 849 2246 dc
878 2180 1130 2244 Christianorum

105 2283 281 2346 rationibus
303 2283 355 2346 vel
377 2283 532 2347 similibus
555 2282 772 2368 disputabant.
810 2283 874 2349 Sed
896 2284 1007 2347 Basilii
1030 2283 1130 2347 multo

105 2386 207 2468 magis
243 2385 396 2449 intererat
424 2386 570 2450 instituta
598 2393 693 2470 atque
730 2387 833 2450 cultus
869 2374 1022 2454 ecclesiae
1057 2408 1131 2451 con·

105 2489 248 2573 stituere,
282 2510 378 2574 quam
408 2490 476 2554 eius
508 2489 658 2574 dogmata
683 2490 819 2576 probare
855 2491 906 2554 vel
942 2491 1130 2575 explanarc3

104 2591 327 2657 Nazianzenus
357 2599 464 2658 autem
495 2600 596 2659 artem
630 2594 821 2658 rhetoricam
850 2600 883 2657 et
917 2594 1130 2678 eloquentiam

104 2695 203 2779 pluris
226 2697 417 2761 aestimabat
439 2717 535 2781 quam
551 2717 599 2780 ea,
626 2718 708 2782 quae
724 2696 764 2761 ad
780 2696 1012 2781 philosophiam
1028 2697 1130 2781 ipsam

104 2799 274 2884 pertinent.
313 2800 436 2874 Quibus
459 2799 498 2864 dc
514 2799 618 2864 causis
635 2800 719 2885 apud
733 2799 890 2863 Basilium
904 2799 1029 2863 duobus
1043 2799 1131 2864 libris

106 2903 260 2988 exceptis,
280 2903 344 2984 illo,
360 2905 413 2988 qui
433 2900 679 2988 ,Hexaemeron’
694 2903 877 2968 inscribitur
898 2903 1029 2986 (Migne,
1044 2903 1131 2968 Patr.

106 3008 219 3072 Graec.
242 3008 303 3072 vol.
327 3010 368 3072 29
397 3008 472 3072 Bas.
496 3029 546 3092 op.
570 3007 586 3070 I
607 3028 638 3092 p.
664 3009 813 3082 1--208.)
843 3007 971 3091 illoque,
1000 3027 1062 3091 quo
1091 3005 1131 3069 de

103 3109 193 3172 libris
224 3109 390 3192 gentilium
420 3109 486 3192 agit
510 3109 583 3193 (III,
606 3110 668 3174 564
691 3111 782 3194 seq.)‚
811 3108 891 3171 nihil
919 3109 987 3172 fere
1016 3113 1131 3190 exstat,

105 3210 191 3295 quod
214 3210 255 3274 ad
269 3211 437 3276 Platonem
461 3211 579 3276 aliosve
600 3211 683 3275 redit
704 3211 918 3296 philosophos,
941 3217 974 3274 ct
994 3210 1131 3274 Nazian-

105 3335 203 3378 zenus
226 3315 327 3398 magis
351 3316 482 3400 singulis
504 3315 648 3380 Platonis
678 3315 779 3379 utitur
806 3315 911 3379 verbis
940 3320 973 3378 et
1000 3314 1130 3378 vocibus

105 3439 201 3503 quam
223 3417 306 3482 illius
329 3419 505 3502 sententiis,
528 3440 610 3504 quae
633 3425 740 3483 tamen
770 3417 926 3504 imprimis
953 3419 987 3481 in
1016 3417 1130 3481 oratio·

105 3522 199 3585 nibus
228 3521 413 3606 theologicis
436 3522 501 3606 111,
535 3525 694 3598 11-172)
723 3522 938 3586 inveniuntur.
989 3520 1130 3585 Maxime

104 3646 180 3689 vero
210 3624 374 3710 Nyssenus
411 3623 555 3689 Platonis
584 3625 734 3689 utebatur
763 3623 946 3708 sententiis3
975 3623 1031 3687 sed
1057 3644 1129 3688 oum

73 3790 75 3796 ,
105 3729 242 3792 sollertis
265 3733 351 3792 esset
372 3727 501 3812 ingenii,
524 3748 588 3791 non
610 3729 712 3791 solum
736 3726 805 3792 eius
820 3727 1016 3810 aliorumque
1030 3726 1130 3811 philo-

105 3830 277 3916 sophorum
299 3830 473 3895 rationibus
496 3829 667 3916 nitebatur,
690 3830 747 3894 sod
770 3829 931 3894 acerrimis
947 3829 1044 3893 etiam
1059 3849 1130 3892 sen·

105 3933 214 3998 tentiis
242 3933 300 3997 has
329 3933 426 4017 ipsas,
459 3931 573 4018 quibus
602 3931 696 3995 modo
727 3951 784 4016 pro
818 3931 914 3995 armis
942 3951 1019 3994 usus
1053 3936 1130 4013 erat,

104 4037 267 4102 refutabat
281 4035 430 4119 rationes,
442 4035 569 4120 quando
585 4037 625 4100 ab
641 4035 795 4100 ecelesiae
811 4033 969 4120 dogmatis
981 4034 1130 4098 abhorre-

103 4143 200 4207 bant:
223 4140 340 4206 veritas
357 4141 448 4206 'enim
470 4140 500 4204 ei
523 4140 591 4204 sola
612 4140 716 4204 inerat
737 4139 824 4204 iniis
840 4138 1001 4221 doctrinis,
1017 4138 1131 4223 quibus

103 4244 246 4308 rationes
258 4242 458 4308 Christianae
474 4243 598 4307 facilius
613 4242 841 4327 comprehendi
855 4247 996 4328 possent,
1011 4246 1049 4304 ut
1062 4241 1130 4326 ipse

103 4347 167 4432 ΠΙ,
193 4346 287 4412 1060
311 4347 365 4412 ait.
410 4346 480 4420 Quo
510 4346 630 4410 factum
660 4353 718 4432 est,
747 4351 784 4409 ut
805 4344 948 4409 Platonis
976 4343 1130 4429 imprimis

913 4458 919 4467 ’
944 4444 960 4497 1
