3042 5084
780 516 991 580 ..34—

371 687 506 754 lotiones
540 687 635 751 rebus
668 708 738 752 esse
772 687 857 779 data,
891 688 973 752 hano
1013 708 1055 750 ex
1088 687 1231 750 Platonis
1268 686 1397 774 Oratylo

369 792 542 877 sumpsisse
578 792 770 856 sententiam
801 812 875 854 eum
906 792 955 854 his
984 791 1089 854 verbis
1121 790 1282 874 obiurgat:
1320 793 1400 856 1045

369 894 438 959 09:
481 891 590 973 ,ταῦτα
620 892 776 977 Κρατύλῳ
805 888 885 970 τάχα
914 894 958 975 τῷ
989 891 1183 975 Πλατωνικῷ
1212 889 1348 976 διαλόγῳ
1378 885 1399 976 ἢ

367 987 461 1068 αὐτὸς
483 992 622 1073 ἐντυχών
645 991 666 1080 ἤ
686 1017 770 1066 τινος
802 995 863 1059 τῶν
892 991 1147 1080 ἐντετυχηκότων
1176 991 1311 1066 ἀκούσας
1343 990 1399 1058 διὰ

365 1095 423 1182 τὴν
445 1092 568 1182 πολλὴν
592 1091 682 1178 οἶμαι
702 1099 860 1176 πτωχείαν
882 1098 946 1161 τῶν
969 1095 1134 1182 νοημάτων
1155 1095 1315 1182 ἔρραπται
1330 1107 1398 1169 ταῖς

366 1200 460 1272 ίάίοις
481 1199 588 1287 λήροις
610 1200 665 1272 τὰς
688 1198 756 1266 ἐκεῖ
775 1202 948 1285 φλυαρίας.ι

453 1306 575 1381 Quodsi
601 1309 773 1392 Gregorius
789 1309 957 1371 Platonem
981 1308 1163 1372 existimare
1188 1315 1283 1393 putat
1300 1308 1395 1372 deum

365 1411 460 1475 rebus
484 1411 612 1474 nomina
635 1411 772 1494 dedisse,
797 1411 876 1475 haee
901 1395 1045 1475 Platonis
1068 1432 1132 1474 non
1155 1417 1204 1474 est
1227 1413 1396 1478 sententia.

367 1515 450 1577 Nam
474 1515 532 1577 etsi
555 1517 730 1578 maximam
752 1516 785 1577 in
809 1522 933 1598 partem
956 1535 1061 1578 rerum
1084 1515 1313 1600 appellationes
1329 1535 1394 1578 nou
1481 1593 1485 1599 ¹

367 1638 407 1682 ex
437 1617 566 1681 arbitrio
597 1624 630 1680 et
659 1618 823 1682 voluntate
853 1618 1022 1681 cuiuslibet
1049 1617 1187 1682 hominis
1223 1618 1394 1700 exstitisse,

365 1720 421 1784 sed
444 1742 463 1782 a
486 1726 571 1784 nerto
594 1720 731 1804 quodam
754 1720 923 1783 verborum
946 1720 1058 1804 opifice
1085 1719 1162 1784 data
1190 1740 1260 1784 esse
1292 1726 1394 1804 putat,

366 1823 410 1886 sio
434 1829 469 1885 ut
491 1844 595 1884 rarum
615 1823 797 1885 indicarent
818 1844 927 1886 veram
950 1830 1097 1887 naturam
1127 1830 1160 1887 et
1189 1826 1254 1887 vim
1284 1818 1393 1904 (φύσει

365 1928 465 2008 sunt),
490 1933 598 1989 tamen
621 1925 836 1989 confitendum
865 1947 935 1989 esse
967 1926 1134 1990 confirmat
1164 1932 1206 2012 (p.
1231 1909 1328 1990 4340
1353 1965 1391 1972 —

365 2027 475 2105 4350)
515 2030 761 2096 eonsuetudines
792 2031 889 2093 etiam
919 2036 952 2092 et
980 2031 1152 2094 constituta
1188 2031 1323 2094 multum
1352 2030 1393 2094 ad

364 2151 468 2194 rerum
491 2132 598 2195 valere
623 2132 853 2216 appellationes
876 2133 1003 2210 (osaea).
1014 2134 1038 2210 1)

451 2235 621 2318 Gregorius
646 2235 740 2298 simili
771 2234 866 2298 modo
897 2257 947 2298 res
977 2235 1152 2299 secundum
1183 2243 1330 2299 naturam
1360 2243 1393 2299 et

362 2338 426 2400 vim
450 2337 562 2422 ouique
586 2337 719 2400 inditam
742 2359 819 2402 vooe
842 2339 948 2423 aliqua
971 2340 1127 2402 nominari
1150 2346 1241 2423 putat
1261 2377 1300 2382 —
1317 2359 1390 2402 oon·

362 2447 495 2525 gruente
518 2448 625 2505 autem
649 2443 798 2506 subieotis
819 2443 1032 2527 appellatione
1048 2443 1223 2506 seeundum
1239 2443 1389 2507 usitatam

364 2545 396 2607 iu
420 2565 544 2628 quaque
567 2551 662 2628 gente
687 2545 966 2610 consuetudinem:
1003 2545 1116 2610 10010
1141 2551 1176 2611 9:
1211 2541 1259 2618 ,τὰ
1292 2541 1388 2626 πράγ-

360 2653 463 2730 ματα,
487 2639 634 2733 explieat,
665 2638 753 2725 ,κατὰ
774 2640 831 2726 τὴν
852 2643 1033 2732 ἐγκειμένην
1062 2643 1185 2732 ἑκάστῳ
1213 2643 1311 2734 φάσιν
1338 2650 1390 2710 καί

361 2746 496 2828 δύναμιν
525 2744 580 2811 διά
609 2771 693 2818 τινος
725 2751 917 2832 σημαντικοῖς
947 2748 1055 2834 φωνῆς
1085 2741 1281 2833 ὀνομάζεται,
1311 2745 1390 2814 κατὰ
1439 2826 1443 2832 .

361 2844 420 2936 τὴν
456 2847 728 2933 ἐπιχωριάζουσαν
771 2849 806 2914 ἐν
849 2849 972 2937 ἑκάστῳ
1013 2848 1102 2916 ἔθνει
1132 2848 1308 2938 συνήθειαν
1333 2855 1390 2938 τῆς

360 2957 576 3040 προσηγορίας
604 2961 671 3024 τοῖς
699 2947 918 3034 ὑποκειμένοις
946 2951 1188 3040 ἁρμοζομένης]
1233 2957 1339 3032 Quam
1368 2979 1388 3020 a

360 3058 494 3122 Platone
511 3059 617 3143 aliqua
639 3059 761 3122 ratione
785 3059 1009 3123 abhorrentem
1033 3061 1225 3123 senteutiam
1247 3061 1385 3135 illustrat

449 3263 469 3329 ¹)
488 3261 605 3314 Rectam
624 3260 793 3312 seutentiam
813 3277 874 3312 asse
887 3260 1020 3313 Socrates
1033 3261 1104 3313 dioit
1115 3261 1200 3314 390ss
1210 3260 1262 3331 (of.
1275 3261 1387 3332 383A):

359 3349 453 3418 ,λέγων
472 3343 554 3416 φύσει
571 3346 609 3401 τά
628 3345 759 3416 ὀνόματα
778 3342 848 3400 εἶναι
866 3357 926 3412 τοῖς
944 3345 1093 3424 πράγμασι,
1111 3352 1160 3402 καὶ
1179 3348 1214 3402 οὐ
1232 3346 1326 3402 πάντα
1340 3345 1386 3413 δη-

359 3429 491 3514 μιουργὸν
510 3433 660 3505 ὀνομάτων
679 3428 756 3504 εἶναι,
777 3431 853 3488 ἀλλά
876 3429 963 3504 μόνον
988 3435 1088 3489 ἐκεῖνον
1113 3431 1164 3490 τὸν
1190 3433 1385 3501 ἀποβλέποντα

358 3524 392 3587 εἰς
410 3520 444 3576 τό
462 3529 497 3596 τῇ
517 3519 597 3591 φύσει
619 3518 710 3590 ὄνομα
729 3515 762 3574 δν
780 3520 887 3592 ἑκάστῳ
906 3525 955 3574 καὶ
974 3516 1130 3590 δυνάμενον
1149 3518 1299 3576 αὐτοῦτὸ
1317 3515 1388 3586 εἶδος

365 3608 484 3662 τιθέναι·
503 3654 507 3666 .
529 3651 534 3662 .
556 3649 561 3660 .
581 3609 618 3661 Et
636 3607 718 3664 4380
737 3608 821 3661 deum
833 3608 919 3660 rebus
932 3607 1045 3661 dedisse
1058 3611 1171 3662 nomina
1186 3609 1270 3661 dicit:
1295 3602 1386 3678 ,οἶμαι

360 3741 365 3752 .
386 3739 389 3748 .
408 3739 415 3754 .
435 3694 502 3766 ἐγτά,
525 3696 659 3766 Gratylus
678 3696 756 3761 dicit,
776 3693 835 3763 ,τάν
856 3694 1053 3760 ἀληθέστατον
1080 3695 1166 3766 λόγον
1192 3701 1250 3772 περὶ
1274 3693 1387 3750 τούτων

358 3775 427 3836 εἶνάι
446 3825 452 3838 .
472 3829 478 3842 ,
497 3829 503 3839 ,
525 3831 529 3840 ,
550 3783 630 3852 μείζω
650 3779 714 3836 τινά
732 3776 851 3852 δύναμιν
869 3775 940 3834 εἶναι
958 3776 975 3844 s'l
997 3781 1174 3858 ἀνθρωπείαν
1197 3780 1247 3849 τήν
1272 3782 1388 3852 θεμένην

357 3864 395 3922 τά
414 3874 509 3944 πρῶτα
529 3868 659 3938 ὀνόματα
677 3878 737 3934 τοῖς
755 3868 920 3944 πράγμασιν,
945 3864 1017 3922 ὥστε
1036 3869 1192 3938 ἀναγκαῖον
1214 3864 1285 3923 εἶναι
1310 3863 1388 3923 αὐτά

357 3955 448 4035 ὀρθῶς
467 3956 545 4026 ἔχειν’·
565 3956 771 4012 ...Socratesz
798 3949 866 4024 ,εἶτα
885 3957 945 4024 oles,
964 3956 1079 4010 ἐναντία
1106 3952 1142 4010 <lv
1166 3956 1274 4011 ἐτίθετο
1300 3950 1387 4020 αὐτὸς

358 4043 436 4106 αὐτῷ
455 4043 471 4098 ὁ
489 4041 554 4112 θείς,
573 4037 611 4098 dv
630 4040 738 4116 δαίμων
756 4063 796 4110 τις
815 4039 928 4114 tuear
947 4075 978 4082 -
992 4044 1036 4096 De
1054 4045 1144 4098 altera
1163 4045 1304 4098 sententia
1322 4059 1386 4096 eon·

357 4132 433 4185 ieras
451 4132 534 4188 haee:
559 4131 636 4187 Orat.
661 4132 757 4186 4353:
779 4128 874 4201 ,ἐπειδὴ
902 4175 933 4189 ,.
960 4137 1055 4186 ταῦτα
1082 4138 1305 4209 συγχωροῦμεν.
1353 4173 1386 4189 ..

357 4215 524 4289 ,ἀναγκαῖόν
542 4236 595 4273 που
613 4223 661 4272 καὶ
681 4217 870 4285 συνθήκην
888 4237 918 4271 τι
935 4209 985 4272 καί
997 4217 1078 4284 ἔθος
1094 4215 1302 4288 συμβάλλεσθαι
1321 4213 1387 4288 ιτρός

357 4302 485 4377 δήλωσιν,
505 4296 544 4361 οἷν
562 4305 758 4378 διανοούμενοι
777 4307 908 4376 λέγομεν]
