3042 5084
805 507 1017 570 ..14-

392 675 607 762 Porphyrium
650 695 776 761 quoque
817 675 964 740 assentiri
1006 675 1051 738 illi
1089 676 1277 758 sententiae,
1322 698 1434 761 quam

392 779 488 843 modo
513 779 706 865 exposuerit,
736 779 829 844 tertio
859 781 928 844 loco
957 801 1022 843 nna
1052 768 1125 844 eum
1154 780 1224 844 aliis
1246 780 1434 844 Platonicis

394 882 577 965 (Numenio,
608 881 738 965 Cronio,
769 881 963 958 Jamblicbo)
998 902 1132 966 quornm
1169 883 1344 948 sententias
1381 882 1433 946 de

393 987 573 1050 animarum
596 985 786 1069 migratione
809 1007 850 1052 ex
865 986 1001 1050 Platone
1024 993 1167 1071 sumptas
1182 987 1285 1052 affert.
1295 989 1318 1064 ¹)
1353 987 1431 1052 Sed

391 1109 495 1173 neque
525 1087 557 1151 hi
591 1109 694 1172 neque
728 1089 774 1152 illi
807 1090 884 1173 loci,
921 1095 955 1153 et
993 1090 1144 1174 perpauci
1177 1096 1268 1173 sunt,
1304 1091 1431 1174 quibus

392 1197 558 1277 praeterea
588 1193 725 1255 fortasse
755 1191 993 1256 Platonicorum
1023 1194 1235 1277 respiciuntur
1265 1194 1430 1274 rationes,

391 1297 417 1360 si
441 1295 537 1360 fidem
560 1283 715 1360 hahemus
738 1295 938 1358 Domanskio
963 1333 1002 1340 —-
1028 1295 1197 1379 ,Beitrtige
1227 1317 1284 1358 zur
1300 1295 1427 1360 Gesch.

393 1399 450 1464 der
466 1399 587 1464 Philos.
611 1397 667 1462 des
685 1395 864 1462 Mittelalt.“
888 1397 961 1462 Vol.
983 1397 1045 1480 IH,
1060 1401 1087 1462 1.
1120 1397 1257 1462 Monast.
1280 1401 1361 1463 1900
1380 1435 1425 1442 -

391 1501 560 1586 quicquam
596 1507 706 1564 eontra
732 1519 886 1584 magnum
915 1500 1042 1563 illorum
1072 1501 1213 1564 locorum
1249 1521 1427 1565 numerum

392 1604 509 1687 valent,
524 1603 639 1688 quibus
655 1602 790 1666 Platone
805 1603 854 1667 vel
873 1603 918 1680 (in
933 1602 1047 1668 ethicis
1061 1604 1201 1668 maxime
1216 1609 1250 1668 et
1263 1603 1424 1688 physicis)

391 1706 564 1770 Aristotele
587 1706 719 1790 aliisque
743 1705 938 1790 philosophis
960 1706 1060 1770 utitur
1080 1705 1260 1772 Nemeeius.
1304 1705 1425 1790 Neque

392 1810 484 1872 aliter
503 1809 672 1892 Gregorios
696 1815 728 1872 et
742 1809 898 1872 Basiliam
913 1809 1095 1873 Platonicos
1118 1809 1298 1894 neglexisse
1320 1815 1424 1872 antea

393 1911 539 1976 vidimus.
583 1911 655 1976 Hoc
684 1911 858 1977 tenendum
887 1932 959 1977 esse
988 1912 1066 1976 mihi
1095 1913 1198 1976 visum
1229 1918 1279 1976 est
1306 1918 1424 1976 contra

391 2036 456 2098 eos,
486 2015 540 2100 qui
577 2015 645 2079 eius
675 2017 789 2080 aetatis
818 2022 925 2100 patres
957 2015 1109 2100 dogmata
1140 2037 1199 2080 sua
1228 2015 1423 2079 Plotinianis

390 2119 446 2183 vel
463 2119 690 2205 Porphyrionis
713 2120 866 2203 probasse
889 2125 1004 2204 putant
1026 2121 1202 2203 sententiis,
1224 2141 1358 2204 quorum
1383 2120 1422 2182 in

392 2242 525 2286 numero
565 2223 661 2286 etiam
695 2228 745 2286 eat
777 2221 818 2288 A.
851 2222 1033 2306 Jahnins2),
1071 2223 1126 2309 qni
1165 2223 1282 2305 libello,
1320 2243 1421 2306 quem

391 2325 551 2410 inscripsit
568 2326 724 2408 „Basilius
747 2325 955 2410 plotinizans“
981 2327 1119 2404 (Bernae
1143 2328 1237 2402 1838)
1261 2326 1421 2390 Basiliam

388 2433 515 2496 Plotino
539 2451 632 2494 usum
655 2451 724 2495 esse
748 2430 966 2495 demonstrare
988 2431 1065 2496 vult.
1102 2431 1146 2494 Et
1167 2435 1344 2514 congruunt
1365 2450 1420 2513 ea,

391 2558 473 2622 quae
497 2536 675 2601 afferuntur
697 2531 809 2600 Basilii
832 2537 930 2600 verba
961 2536 1091 2620 (Migne,
1120 2537 1182 2602 vol.
1212 2540 1263 2601 29.
1292 2558 1323 2622 p.
1354 2539 1419 2599 768

389 2642 467 2724 seq.)
492 2641 607 2702 mirum
637 2640 669 2702 in
692 2638 823 2702 modum
852 2661 926 2703 cum
952 2637 1071 2704 Plotini
1094 2639 1253 2717 OEnnead.
1275 2638 1417 2722 V,1,1)‚

390 2745 434 2808 sie
458 2749 493 2807 ut
516 2764 610 2808 nemo
633 2764 749 2827 negare
774 2745 874 2829 possit
894 2766 980 2828 eum,
1001 2745 1056 2829 qui
1082 2745 1144 2808 ista
1173 2745 1280 2829 sripsit
1307 2743 1416 2827 verba,

389 2867 430 2912 ex
452 2847 580 2910 Plotina
602 2845 757 2912 hausisse.

476 2949 539 3015 Sed
563 2951 685 3014 utiam
708 2951 827 3035 aliquid
850 2952 1036 3016 ollensionis
1065 2951 1150 3016 inest
1178 2952 1212 3015 in
1248 2972 1296 3035 eo,
1328 2950 1415 3036 quod

389 3060 525 3139 excepta
555 3054 615 3118 hac
644 3054 833 3119 brevissima
860 3055 1074 3140 disputatione
1102 3055 1189 3118 nulla
1215 3075 1257 3120 ne
1279 3053 1415 3118 Jabnius

388 3157 517 3242 quidem
541 3157 682 3222 invenire
706 3159 818 3243 potuit,
846 3179 926 3242 quae
950 3164 1115 3243 tantopere
1137 3179 1210 3222 cum
1225 3157 1413 3221 Plotinianis

389 3261 606 3344 congruebant
638 3261 753 3344 verbis,
794 3261 839 3324 sie
878 3261 975 3324 etiam
1014 3267 1196 3346 suspectum
1229 3261 1307 3324 mihi
1342 3280 1413 3322 esse

387 3363 521 3446 videtur,
544 3362 628 3448 quod
651 3363 730 3428 haec
753 3385 913 3448 perpauca
934 3364 1042 3448 verba,
1064 3385 1146 3448 quae
1168 3364 1321 3448 inscripta
1339 3368 1414 3426 sunt

480 3588 500 3654 ¹)
519 3585 667 3638 Philonem
695 3585 808 3655 quidem
836 3601 974 3655 nusquam
1006 3585 1133 3638 nominat
1159 3585 1316 3652 Nemeeius,
1349 3601 1412 3637 curn

387 3689 444 3726 non
462 3678 520 3726 tam
540 3673 771 3726 commentarium
783 3673 984 3743 theologicum,
1003 3675 1087 3727 atita
1105 3673 1206 3740 dicam,
1219 3689 1304 3743 quarn
1322 3671 1411 3742 pbilo-

387 3759 534 3828 sophicum
560 3758 739 3813 conscribere
766 3761 888 3814 voluerit
914 3792 945 3798 -
972 3760 1022 3814 sed
1046 3760 1190 3814 nonnullis
1215 3765 1311 3814 minen
1341 3757 1410 3811 locis

387 3847 448 3900 eius
466 3861 534 3898 usus
553 3849 596 3898 est
614 3847 762 3900 sententiis
778 3878 805 3885 —
820 3847 857 3900 ci.
876 3846 959 3900 Philo
977 3847 1013 3900 de
1031 3847 1099 3918 opii.
1119 3846 1213 3900 mund.
1227 3847 1261 3900 77
1279 3877 1313 3884 —
1331 3846 1409 3900 Nem.

386 3951 413 4002 p.
432 3933 467 3985 44
484 3931 608 4002 (Matth.)

476 4040 498 4107 ²)
516 4038 592 4109 quod
610 4037 646 4092 de
660 4037 766 4092 Basilio
778 4038 909 4108 Jahnius,
922 4040 958 4093 de
970 4039 1110 4110 Gregorio
1123 4039 1253 4105 Nysseno
1266 4037 1410 4091 Hermann

386 4124 462 4178 Diss.
475 4124 561 4179 theol.
576 4125 640 4179 Hal.
654 4126 696 4192 75,
710 4125 861 4196 „Gregorii
873 4127 1031 4180 sententiae
1044 4125 1080 4179 ile
1097 4126 1189 4179 salute
1201 4122 1409 4194 adipiscenda“,

386 4211 483 4278 Meyer
510 4210 586 4266 Diss.
612 4212 680 4282 phil.
710 4213 768 4266 len.
794 4214 829 4268 94
853 4213 925 4282 ,Die
950 4212 1130 4268 Gotteslebre
1156 4211 1282 4282 Gregors
1306 4229 1332 4266 v.
1357 4210 1408 4263 N.“
1469 4234 1471 4259 ι

385 4298 490 4370 aliique
508 4303 609 4370 putare
627 4299 768 4355 videntur.
