3042 5084
808 551 1018 613 ..18-

397 720 443 782 ita
476 719 572 782 etiam
606 717 746 782 humana
780 726 893 782 natura
915 739 979 782 una
1006 725 1131 782 tanturn
1160 726 1218 800 est,
1248 720 1425 803 composita

398 841 472 885 vero
498 842 538 885 ex
564 821 778 905 compluribus
794 843 835 884 ne
851 822 955 885 dicam
970 821 1253 885 innumerabilibus
1268 822 1426 906 personis.

397 923 546 1008 Exempli
576 924 679 1007 gratia
700 923 833 988 Petrum
864 924 1056 998 etPaulum
1085 931 1118 987 et
1146 924 1329 987 Barnaham
1360 929 1427 987 tres
1499 964 1500 1013 3

297 1031 300 1037 “
397 1027 542 1090 homines
573 1028 639 1090 sive
668 1017 820 1111 personas
849 1027 983 1091 dicimus
1014 1065 1054 1072 -
1083 1049 1147 1090 una
1177 1033 1285 1091 tamen
1313 1047 1427 1091 eorum

397 1135 446 1192 est
469 1130 591 1213 species
614 1129 664 1193 vel
687 1130 792 1213 potius
815 1131 963 1194 essentia.
1008 1129 1132 1193 Eodem
1154 1129 1259 1211 modo,
1281 1151 1343 1214 quo
1358 1151 1428 1192 una
1491 1123 1494 1133 ¹

399 1231 451 1295 dei
474 1255 531 1296 seu
553 1233 690 1296 hominis
713 1234 853 1296 essentia
875 1226 996 1311 (οὐσία)
1020 1234 1087 1297 sive
1109 1233 1182 1297 idea
1204 1232 1245 1296 ad
1271 1253 1428 1318 personas

327 1348 330 1353 “
398 1336 538 1419 singulas
561 1337 778 1419 (substantias,
802 1329 1008 1413 ιῗποσιάσεις)
1031 1336 1187 1418 sehabet,
1210 1337 1323 1400 eodem
1338 1357 1429 1399 eom·

283 1454 286 1462 ’
397 1460 492 1501 mune
517 1426 567 1519 (111
591 1433 712 1514 κοινόν)
742 1439 782 1502 ad
812 1440 973 1523 proprium
997 1435 1048 1517 (ai
1072 1436 1179 1516 ἴδιον).
1224 1439 1350 1502 Nomen
1372 1439 1428 1502 dei
1499 1440 1500 1453 ¹

397 1541 475 1605 illud
497 1536 604 1602 κοινόν
635 1547 693 1624 est,
722 1542 819 1604 cuius
842 1548 906 1605 tres
943 1563 1098 1626 personae
1135 1548 1209 1604 sunt
1227 1541 1428 1625 ‘participe-i.

396 1643 464 1706 Neo
486 1644 580 1707 aliter
601 1643 674 1707 idea
702 1644 839 1708 hominis
868 1646 1080 1708 communiter
1109 1645 1228 1708 dictum
1259 1651 1318 1727 est,
1348 1665 1428 1707 nam

397 1748 483 1810 omni
512 1746 671 1810 humanae
703 1754 835 1812 naturae
866 1748 1011 1831 obtingit.
1056 1747 1178 1831 Singuli
1208 1747 1352 1810 homines
1389 1754 1427 1808 et

397 1851 521 1914 trinitas
547 1850 624 1913 illud
648 1847 749 1925 ,tamt
772 1859 855 1916 sunt.
899 1850 1037 1914 Basilius
1059 1850 1173 1914 eodem
1204 1850 1298 1912 modo
1335 1849 1427 1912 trini-

401 1960 498 2017 tatem
536 1954 718 2018 notionibus
761 1953 982 2018 communibus
1024 1954 1175 2038 explanat
1210 1954 1243 2016 in
1288 1952 1427 2036 epistula

397 2056 642 2142 adNyssenum
676 2056 751 2120 data
786 2060 847 2141 (ep.
883 2060 942 2140 385
975 2057 1109 2139 1V,325
1133 2058 1223 2141 seq.).
1265 2048 1358 2116 οὐσία
1391 2062 1429 2118 et

397 2161 540 2244 singulae
562 2154 757 2230 ὗποστάσεις
785 2168 913 2224 strenue
946 2162 1029 2224 inter
1058 2183 1093 2224 se
1122 2166 1334 2245 opponuntur,
1364 2181 1427 2222 nee
1499 2158 1500 2219 ³

398 2264 503 2326 minus
534 2263 671 2327 hominis
701 2265 756 2326 illa
785 2265 884 2327 utitur
916 2264 1066 2347 imagine.
1126 2264 1190 2338 (Of.
1219 2263 1315 2326 etiam
1345 2261 1426 2326 Nan.
1499 2258 1500 2339 ζ

397 2367 550 2450 11,153B
574 2370 652 2452 seq.)

485 2471 556 2545 Qua
579 2472 611 2535 in
635 2472 923 2558 argumentatione,
939 2493 1002 2556 qua
1025 2492 1107 2534 unus
1123 2471 1202 2535 deus
1218 2472 1312 2535 simul
1327 2470 1427 2534 etiam

400 2574 564 2639 extribus
591 2582 736 2639 constare
762 2596 857 2659 posse
883 2575 1027 2659 personis
1049 2575 1294 2657 demonstratur,
1307 2573 1427 2658 Nysae-

397 2700 474 2742 num
497 2685 530 2742 et
552 2679 708 2742 Basilium
724 2680 867 2743 Platonis
891 2680 1057 2742 sententiis
1080 2700 1162 2763 quae
1185 2687 1259 2742 sunt
1282 2679 1322 2742 de
1344 2677 1428 2741 ideis
1499 2756 1500 2759 Ἴ

364 2805 369 2812 ·
396 2802 471 2844 usos
494 2801 564 2846 esse
589 2803 665 2846 sane
689 2789 822 2867 apparet
846 2782 898 2857 (cf.
920 2782 1026 2866 Rupp.
1042 2784 1062 2847 l.
1079 2804 1106 2848 c.
1122 2803 1194 2866 pag.
1213 2784 1273 2845 155
1297 2782 1424 2865 seq.).¹)

485 2886 625 2949 Maxime
648 2887 680 2948 in
704 2885 906 2968 Parmenide,
934 2886 1084 2969 Sophista
1114 2886 1226 2962 (244ss
1243 2923 1282 2930 —
1299 2884 1425 2965 aion),
1498 2952 1501 2973 .

401 2987 535 3052 Philebo
559 2989 652 3052 Plato
676 2989 825 3074 exposuit
846 3009 950 3073 neque
972 3010 1071 3051 unum
1095 2989 1163 3052 sine
1186 2989 1294 3052 multis
1322 3008 1426 3071 neque

402 3092 502 3154 multa
526 3091 594 3154 sine
622 3112 686 3154 uno
717 3092 855 3176 quodam
886 3111 957 3156 esse
985 3112 1088 3175 posse.
1132 3091 1172 3154 ln
1200 3091 1304 3155 verbis
1340 3090 1428 3152 enim
1499 3112 1500 3145 1

402 3216 511 3278 ,unum
527 3192 585 3258 est‘
601 3195 665 3258 iarn
677 3196 783 3260 inesse
795 3217 904 3278 ,unum
915 3215 979 3257 non
995 3201 1053 3277 est,
1069 3193 1126 3258 sed
1137 3195 1237 3258 multa
1248 3188 1427 3278 quaedam‘.
1499 3264 1500 3269 η

401 3298 485 3361 Nam
508 3298 540 3360 in
563 3298 668 3362 vorbis
692 3319 802 3381 ,unum
818 3295 876 3361 est‘
899 3299 964 3360 iam
980 3297 1042 3360 duo
1058 3296 1097 3359 de
1113 3318 1177 3360 uno
1192 3297 1277 3360 dicta
1291 3317 1378 3360 esse:
1396 3304 1429 3360 et
1499 3294 1500 3357 ]

400 3403 556 3465 unitatem
580 3409 612 3464 et
635 3403 818 3467 essentiam.
855 3402 1027 3464 Praeterea
1042 3400 1139 3463 etiam
1154 3402 1308 3464 unitatem
1326 3406 1427 3463 totum
1499 3394 1500 3421 ¹

400 3505 551 3588 quiddam
574 3526 655 3587 esse,
685 3510 717 3567 et
740 3511 841 3568 totum
870 3502 1022 3589 quiddam
1052 3525 1092 3566 ex
1122 3504 1253 3587 singulis
1281 3509 1427 3567 constare
1499 3502 1500 3523 ³

399 3608 516 3672 debere
550 3608 703 3691 pertibus.
738 3643 778 3650 -
807 3607 932 3670 Rursus
965 3606 1066 3670 multa
1099 3607 1167 3670 sine
1200 3607 1323 3670 unitate
1355 3629 1427 3670 esse

399 3731 462 3773 non
486 3731 580 3795 posse
606 3710 725 3786 (Parin.
744 3710 866 3793 1353),
889 3731 964 3774 nam
988 3711 1014 3773 si
1037 3711 1107 3794 quis
1130 3730 1194 3773 non
1217 3710 1429 3775 concessisset
1499 3788 1500 3791 Ἴ

400 3849 605 3860 -,....-..--.--

492 3897 513 3962 1)
532 3893 708 3948 Athanasius
728 3893 843 3949 deitatis
861 3893 965 3949 οὐσίαν
983 3900 1012 3948 et
1030 3896 1158 3966 singulas
1177 3895 1346 3966 hypostases
1359 3912 1428 3948 non-

399 3980 465 4033 dum
486 3981 560 4034 inter
590 3999 620 4034 se
651 3988 831 4053 opposuerat.
868 3983 921 4036 Illa
940 3983 1064 4049 Nysseni
1087 3983 1332 4053 argumentatione
1357 3983 1430 4036 nihil

400 4067 434 4120 de
455 4068 584 4134 trinitate
601 4068 754 4138 probatur;
774 4087 839 4123 nam
857 4088 947 4140 genus
965 4070 1010 4124 vel
1030 4068 1115 4124 οὐσία
1134 4071 1197 4141 ipsa
1214 4087 1271 4124 non
1290 4070 1430 4137 consistit,

399 4154 449 4208 sed
478 4156 507 4209 in
538 4154 659 4225 singulis
691 4157 824 4209 cernitur.
875 4156 930 4225 (of.
961 4174 1002 4223 ea,
1031 4174 1104 4227 quac
1131 4156 1301 4210 Aristoteles
1329 4161 1430 4210 contra

400 4242 527 4295 Platonis
547 4242 635 4295 affert
654 4241 688 4294 de
707 4241 779 4296 ideis
798 4243 943 4296 doctrinas
964 4276 994 4281 -
1014 4244 1104 4297 Zeller
1129 4244 1215 4311 11,23
1240 4262 1267 4312 p.
1293 4243 1345 4296 298
1371 4260 1431 4315 seq.

399 4346 465 4399 pag.
485 4329 537 4382 306
555 4347 613 4400 seq.
