3042 5084
532 543 742 607 „19-

134 713 241 778 ideam
262 712 508 796 uniuscuiusque
524 733 628 776 rerum
645 713 867 776 exsistentium
883 711 1019 776 eandem
1034 731 1161 794 semper

132 817 297 898 exsistere,
321 817 353 878 in
376 815 460 880 hunc
482 815 612 878 modum
642 816 738 879 etiam
768 815 945 880 disserendi
975 815 1160 878 facultatem

133 941 207 982 eum
230 917 372 983 funditus
396 918 588 982 subvertere.
621 918 777 982 Attamen
792 918 882 1002 haec,
904 911 988 1003 quae
1002 917 1161 981 contraria

133 1043 204 1086 esse
226 1021 391 1086 ridentur:
424 1041 531 1104 ,unum
554 1027 588 1084 et
609 1021 744 1084 multum
766 1020 919 1105 quiddam
941 1017 1011 1103 est,
1038 1020 1160 1083 intelle·

132 1131 252 1209 guntur
267 1145 308 1188 ex
323 1124 497 1188 rationibus
519 1125 748 1188 communibus.
787 1125 883 1188 Notio
898 1125 984 1188 enim
1007 1124 1073 1188 sive
1089 1123 1161 1186 idea

132 1228 211 1291 illud
236 1225 372 1309 „unum“
398 1233 448 1291 est
469 1233 501 1292 et
524 1228 666 1310 singulae
690 1248 750 1310 res,
773 1249 856 1312 quae
871 1228 930 1291 sub
946 1227 1028 1315 hanc
1043 1226 1163 1290 cadunt

101 1355 105 1364 ¹
136 1331 300 1394 notionem
324 1331 454 1415 eiusque
477 1336 552 1394 sunt
573 1329 753 1414 participes,
776 1330 854 1394 illud
879 1326 1052 1412 „multum“
1078 1335 1161 1391 sunt.

132 1435 254 1496 Multae
277 1434 373 1515 igitur
394 1455 445 1497 res
466 1433 585 1496 similes
605 1433 761 1496 unitatem
777 1433 810 1495 in
827 1455 861 1497 se
884 1433 1057 1515 continent,
1079 1452 1161 1516 quac

132 1536 281 1600 omnibus
304 1542 354 1600 est
375 1537 561 1601 communis.

220 1639 315 1702 Hanc
337 1639 434 1722 igitur
457 1639 623 1722 rationem,
646 1659 728 1722 quae
751 1639 835 1703 inter
857 1639 997 1722 singulas
1024 1646 1073 1703 est
1102 1659 1162 1720 res,

133 1763 307 1826 earumque
330 1742 446 1825 ideam,
470 1763 533 1826 qua
560 1742 628 1805 sola
657 1741 802 1805 doctrina
823 1741 988 1827 Nyssenus
1010 1741 1163 1805 Basilius-

131 1868 193 1931 que
206 1846 340 1930 probare
353 1851 524 1930 potuerunt
536 1851 599 1910 tres
612 1844 688 1909 deos
705 1851 737 1909 et
751 1867 851 1909 unum
867 1867 938 1910 esse
949 1866 1043 1930 posse
1056 1845 1162 1927 deum,

133 1951 227 2012 Plato
258 1950 365 2012 multis
396 1949 543 2032 exposuit
571 1949 736 2032 exemplis,
767 1970 901 2033 quorum
936 1948 987 2012 hic
1022 1948 1163 2012 maxime

134 2052 213 2115 illud
235 2051 320 2136 quod
344 2057 393 2114 ost
415 2051 454 2115 de
478 2051 606 2120 homine
637 2053 877 2115 commemorari
907 2051 1012 2116 debet.
1058 2051 1164 2125 Quam

133 2156 272 2219 hominis
297 2155 402 2218 ideam
426 2155 519 2218 Plato
542 2155 575 2217 in
598 2155 705 2219 Parm.
732 2155 826 2219 1300
850 2155 898 2218 his
921 2155 1026 2219 verbis
1055 2153 1162 2218 affert:

131 2243 1165 2343 ,ἀνθρώπουοἶδος(οροο1οο)χωρὶςἡμῶοκοὶτῶνοῖοιῆμεῑςέσμὲν

133 2358 279 2424 πάντων(
305 2368 337 2427 et
358 2363 390 2425 in
413 2362 547 2426 Philebo
570 2383 601 2446 p.
624 2362 712 2426 15A.
758 2362 888 2446 Species
909 2362 1006 2446 igitur
1027 2361 1164 2425 hominis

133 2466 241 2528 unitas
258 2471 290 2530 et
305 2487 472 2529 commune
495 2465 647 2551 quiddam
670 2471 728 2548 est,
752 2467 842 2529 cuius
858 2486 915 2529 nos
932 2485 1042 2528 omnes
1066 2465 1163 2548 parti-

133 2569 221 2653 cipes
245 2589 364 2652 sumus,
387 2569 472 2653 quod
494 2569 598 2654 ipsum
620 2569 715 2648 χωρὶς
737 2561 825 2650 ἡμῶν
846 2574 896 2631 est
910 2569 1040 2652 solaque
1056 2573 1163 2631 mente

136 2672 257 2756 percipi
279 2678 385 2756 potest
408 2673 527 2749 (Parm.
553 2672 660 2755 128E,
686 2672 783 2736 13οΒ
808 2693 874 2756 seq.
896 2671 978 2756 Rep.
993 2671 1163 2754 Vaccis

134 2775 221 2858 eta),
256 2774 333 2838 illud
358 2776 494 2838 multum
518 2796 604 2858 vero,
634 2774 719 2860 quod
742 2776 909 2858 unitatem,
931 2796 1013 2860 quae
1037 2775 1104 2838 sine
1128 2795 1166 2838 eo

134 2879 309 2942 consistere
332 2878 453 2963 nequit,
483 2878 515 2942 in
539 2900 573 2943 se
597 2880 748 2962 continet,
777 2879 892 2963 singuli
915 2886 989 2943 sunt
1010 2878 1166 2944 homines.

224 2981 415 3046 Aristoteles
438 2983 519 3046 hanc
535 2983 679 3046 Platonis
702 2983 839 3047 hominis
862 2983 968 3046 ideam
992 2981 1079 3059 (Eth.
1095 2981 1166 3046 Nic.

136 3086 164 3168 I,
173 3087 203 3167 4,
219 3088 299 3151 1096
309 3108 328 3149 a
340 3087 381 3150 34
393 3087 484 3170 seq.),
497 3076 775 3166 ,αὐτοάνθρωπον
787 3087 941 3169 nominat,
953 3092 987 3149 et
997 3085 1166 3149 Philonem

137 3189 196 3252 hac
227 3188 371 3252 Platonis
402 3188 560 3255 sententia
588 3210 682 3251 usum
712 3211 782 3254 esse
813 3210 908 3272 supra
937 3188 1074 3252 vidimus
1113 3189 1166 3264 (cf.

83 3375 86 3382 ¹
142 3311 213 3374 pag.
234 3293 297 3367 12).
328 3290 396 3354 Nec
412 3290 684 3373 minusPlotinus,
709 3291 764 3354 sed
787 3291 850 3354 alia
871 3291 1009 3375 quadam
1034 3291 1167 3373 ratione,

138 3394 278 3478 loquitur
300 3393 340 3457 de
363 3393 500 3456 hominis
523 3393 606 3476 idea,
635 3394 724 3457 cuius
755 3415 865 3458 omnes
894 3395 1064 3478 participes
1094 3400 1168 3457 sunt

139 3496 301 3561 homines:
325 3496 408 3561 Enn.
432 3496 557 3579 Vrec
582 3547 589 3562 .
613 3547 621 3561 .
645 3491 735 3577 ,adad
760 3547 793 3563 ..
815 3491 1064 3577 ἄνθρωποςκαὶ
1088 3488 1166 3559 αὐτὸ

137 3593 273 3675 ἕκαστον
293 3598 345 3662 καὶ
368 3592 444 3662 ὅλον
465 3591 502 3662 τὸ
524 3599 592 3663 πᾶν
615 3594 673 3677 οὐχ
689 3591 787 3669 οὕτως
809 3595 844 3662 ἐν
864 3598 1005 3678 πολλοῖς,
1028 3592 1107 3665 ἀλλά
1128 3596 1167 3663 τὰ

137 3699 242 3764 πολλὰ
266 3697 302 3764 ἐν
323 3697 417 3786 αὐτῷ,
438 3699 558 3780 μᾶλλον
580 3703 619 3765 δὲ
641 3703 715 3780 περὶ
737 3693 825 3766 αὐτόι
849 3753 858 3769 .
882 3754 890 3768 .
915 3753 922 3768 .
945 3703 1003 3788 VI,
1016 3705 1046 3787 4,
1065 3706 1114 3769 14.

225 3805 352 3869 Deinde
368 3805 481 3869 eadem
498 3805 537 3869 de
553 3806 701 3869 universa
716 3806 857 3870 humana
872 3812 986 3869 natura
1001 3808 1169 3889 sententia,

138 3929 233 3992 quam
250 3914 345 3972 antea
367 3908 696 3991 commemoravimus,
709 3909 874 3995 Nyssenus
898 3910 999 3972 utitur
1019 3910 1052 3973 in
1068 3911 1168 3994 expli-

53 4070 55 4074 .
138 4011 239 4074 cando
275 4012 426 4097 mysterio
466 4011 584 4075 Christi
623 4011 835 4094 humilitatem
873 4012 1074 4096 suscipientis
1115 4014 1168 4089 (of.

138 4113 301 4198 Harnaek‚
324 4116 345 4180 l.
368 4137 394 4180 c.
418 4136 449 4199 p.
475 4118 650 4200 1eoxseq.).
691 4115 853 4179 Christum
877 4117 962 4179 enim
985 4137 1049 4179 non
1072 4115 1169 4179 unius

137 4217 274 4280 hominis
298 4219 474 4302 suscepisse
499 4217 576 4281 dicit
598 4219 733 4281 formam
758 4218 815 4282 sed
830 4226 976 4282 naturam
992 4219 1167 4282 humanam

136 4319 319 4383 universam
349 4320 421 4404 (ΠΙ,
435 4321 532 4386 616Β
558 4320 608 4404 O),
639 4321 720 4384 hanc
751 4327 851 4384 totam
881 4321 914 4383 in
937 4320 1064 4383 Christo
1096 4342 1169 4384 cum

966 4419 1000 4475 2*
