<?xml version="1.0" encoding="UTF-8"?>
<!DOCTYPE html PUBLIC "-//W3C//DTD XHTML 1.0 Transitional//EN"
    "http://www.w3.org/TR/xhtml1/DTD/xhtml1-transitional.dtd">
<html xmlns="http://www.w3.org/1999/xhtml" xml:lang="en" lang="en">
 <head>
  <title>
</title>
<meta http-equiv="Content-Type" content="text/html;charset=utf-8" />
  <meta name='ocr-system' content='tesseract 3.04.00' />
  <meta name='ocr-capabilities' content='ocr_page ocr_carea ocr_par ocr_line ocrx_word'/>
</head>
<body>
  <div class='ocr_page' id='page_1' title='image "./debasiliogregor00grongoog_0030.png"; bbox 0 0 3042 5084; ppageno 0'>
   <div class='ocr_carea' id='block_1_1' title="bbox 774 516 984 578">
    <p class='ocr_par' dir='ltr' id='par_1_1' title="bbox 774 516 984 578">
     <span class='ocr_line' id='line_1_1' title="bbox 774 516 984 578; baseline 0 -18"><span class='ocrx_word' id='word_1_1' title='bbox 774 516 984 578; x_wconf 69' lang='grc'><strong>,24-</strong></span> 
     </span>
    </p>
   </div>
   <div class='ocr_carea' id='block_1_2' title="bbox 366 679 1462 2517">
    <p class='ocr_par' dir='ltr' id='par_1_2' title="bbox 366 679 1398 1387">
     <span class='ocr_line' id='line_1_2' title="bbox 368 679 1397 770; baseline -0.006 -20"><span class='ocrx_word' id='word_1_2' title='bbox 368 707 433 770; x_wconf 88' lang='lat' dir='ltr'><strong>seq.</strong></span> <span class='ocrx_word' id='word_1_3' title='bbox 456 686 600 750; x_wconf 88' lang='lat' dir='ltr'><strong>Plotinus</strong></span> <span class='ocrx_word' id='word_1_4' title='bbox 623 685 705 750; x_wconf 89' lang='lat' dir='ltr'><strong>hanc</strong></span> <span class='ocrx_word' id='word_1_5' title='bbox 729 686 860 770; x_wconf 86' lang='lat' dir='ltr'>exponit</span> <span class='ocrx_word' id='word_1_6' title='bbox 882 684 1076 749; x_wconf 81' lang='lat' dir='ltr'><strong>doctrinam:</strong></span> <span class='ocrx_word' id='word_1_7' title='bbox 1100 679 1145 765; x_wconf 77' lang='grc' dir='ltr'><strong>,ἐν</strong></span> <span class='ocrx_word' id='word_1_8' title='bbox 1162 684 1294 767; x_wconf 78' lang='grc' dir='ltr'><strong><em>Φαίδρῳ</em></strong></span> <span class='ocrx_word' id='word_1_9' title='bbox 1317 703 1397 745; x_wconf 82' lang='grc' dir='ltr'><strong><em>ατε-</em></strong></span> 
     </span>
     <span class='ocr_line' id='line_1_3' title="bbox 367 779 1396 872; baseline 0 -22"><span class='ocrx_word' id='word_1_10' title='bbox 367 784 543 872; x_wconf 82' lang='grc' dir='ltr'><strong><em>ρορρύησιν</em></strong></span> <span class='ocrx_word' id='word_1_11' title='bbox 558 785 661 850; x_wconf 80' lang='grc' dir='ltr'><strong><em>αἰτίαν</em></strong></span> <span class='ocrx_word' id='word_1_12' title='bbox 675 785 729 870; x_wconf 73' lang='grc' dir='ltr'><strong>τῆς</strong></span> <span class='ocrx_word' id='word_1_13' title='bbox 743 782 885 850; x_wconf 71' lang='grc' dir='ltr'><strong><em>ἐνταῦθα</em></strong></span> <span class='ocrx_word' id='word_1_14' title='bbox 898 780 1047 866; x_wconf 77' lang='grc' dir='ltr'><strong><em>(σαπρὸς</em></strong></span> <span class='ocrx_word' id='word_1_15' title='bbox 1061 779 1099 850; x_wconf 80' lang='lat' dir='ltr'><strong>ad</strong></span> <span class='ocrx_word' id='word_1_16' title='bbox 1109 785 1238 868; x_wconf 74' lang='lat' dir='ltr'><strong>conada)</strong></span> <span class='ocrx_word' id='word_1_17' title='bbox 1248 779 1396 869; x_wconf 73' lang='grc' dir='ltr'><strong><em>ἀφίξεως.</em></strong></span> 
     </span>
     <span class='ocr_line' id='line_1_4' title="bbox 367 880 1398 974; baseline -0.002 -23"><span class='ocrx_word' id='word_1_18' title='bbox 367 888 418 954; x_wconf 79' lang='grc' dir='ltr'><strong>καὶ</strong></span> <span class='ocrx_word' id='word_1_19' title='bbox 439 891 587 972; x_wconf 86' lang='grc' dir='ltr'><strong><em>περίοδοι</em></strong></span> <span class='ocrx_word' id='word_1_20' title='bbox 609 883 694 974; x_wconf 71' lang='grc' dir='ltr'><strong>αὐτῷ</strong></span> <span class='ocrx_word' id='word_1_21' title='bbox 716 880 917 952; x_wconf 74' lang='grc' dir='ltr'><strong><em>ἀνελθοῦσαν</em></strong></span> <span class='ocrx_word' id='word_1_22' title='bbox 946 885 1083 972; x_wconf 76' lang='grc' dir='ltr'><strong>(ψυχὴν)</strong></span> <span class='ocrx_word' id='word_1_23' title='bbox 1112 885 1210 952; x_wconf 84' lang='grc' dir='ltr'><strong><em>πάλιν</em></strong></span> <span class='ocrx_word' id='word_1_24' title='bbox 1238 893 1398 972; x_wconf 79' lang='grc' dir='ltr'><strong><em>φέρουσιν</em></strong></span> 
     </span>
     <span class='ocr_line' id='line_1_5' title="bbox 367 985 1392 1078; baseline -0.002 -24"><span class='ocrx_word' id='word_1_25' title='bbox 367 990 450 1078; x_wconf 77' lang='grc' dir='ltr'><strong><em>τῇδε.</em></strong></span> <span class='ocrx_word' id='word_1_26' title='bbox 487 1029 526 1038; x_wconf 81' lang='lat'><strong><em>-</em></strong></span> <span class='ocrx_word' id='word_1_27' title='bbox 556 994 613 1077; x_wconf 87' lang='lat' dir='ltr'><strong>IV,</strong></span> <span class='ocrx_word' id='word_1_28' title='bbox 637 997 667 1078; x_wconf 85' lang='lat'><strong>8,</strong></span> <span class='ocrx_word' id='word_1_29' title='bbox 690 997 726 1059; x_wconf 80' lang='lat'><strong>2:</strong></span> <span class='ocrx_word' id='word_1_30' title='bbox 762 994 817 1054; x_wconf 84' lang='grc' dir='ltr'><strong>καί</strong></span> <span class='ocrx_word' id='word_1_31' title='bbox 842 1008 923 1074; x_wconf 77' lang='grc' dir='ltr'><strong><em>φησι</em></strong></span> <span class='ocrx_word' id='word_1_32' title='bbox 952 988 1117 1076; x_wconf 69' lang='grc' dir='ltr'><strong>(Πλάτων)</strong></span> <span class='ocrx_word' id='word_1_33' title='bbox 1145 988 1203 1075; x_wconf 67' lang='grc' dir='ltr'><strong>τὴν</strong></span> <span class='ocrx_word' id='word_1_34' title='bbox 1233 985 1392 1076; x_wconf 79' lang='grc' dir='ltr'><strong>ἡμετέραν</strong></span> 
     </span>
     <span class='ocr_line' id='line_1_6' title="bbox 368 1087 1397 1178; baseline -0.002 -21"><span class='ocrx_word' id='word_1_35' title='bbox 368 1091 499 1178; x_wconf 74' lang='grc' dir='ltr'><strong>(ψυχήν)</strong></span> <span class='ocrx_word' id='word_1_36' title='bbox 546 1147 553 1162; x_wconf 93' lang='grc'><strong>.</strong></span> <span class='ocrx_word' id='word_1_37' title='bbox 585 1146 593 1162; x_wconf 94' lang='grc'><strong>.</strong></span> <span class='ocrx_word' id='word_1_38' title='bbox 624 1145 630 1161; x_wconf 93' lang='grc'><strong><em>.</em></strong></span> <span class='ocrx_word' id='word_1_39' title='bbox 664 1146 672 1162; x_wconf 94' lang='grc'><strong>.</strong></span> <span class='ocrx_word' id='word_1_40' title='bbox 716 1093 943 1158; x_wconf 66' lang='grc' dir='ltr'><strong><em>τελεωθεῖσαν</em></strong></span> <span class='ocrx_word' id='word_1_41' title='bbox 968 1094 1020 1156; x_wconf 82' lang='grc' dir='ltr'><strong>καί</strong></span> <span class='ocrx_word' id='word_1_42' title='bbox 1046 1087 1145 1178; x_wconf 76' lang='grc' dir='ltr'><strong><em>αὐτὴν</em></strong></span> <span class='ocrx_word' id='word_1_43' title='bbox 1172 1100 1397 1175; x_wconf 69' lang='lat' dir='ltr'><strong>pescocanale</strong></span> 
     </span>
     <span class='ocr_line' id='line_1_7' title="bbox 366 1194 1398 1278; baseline 0.004 -19"><span class='ocrx_word' id='word_1_44' title='bbox 366 1198 418 1260; x_wconf 78' lang='grc' dir='ltr'><strong>καὶ</strong></span> <span class='ocrx_word' id='word_1_45' title='bbox 439 1195 543 1261; x_wconf 77' lang='grc' dir='ltr'><strong><em>πάντα</em></strong></span> <span class='ocrx_word' id='word_1_46' title='bbox 565 1195 622 1261; x_wconf 78' lang='grc' dir='ltr'><strong>τόν</strong></span> <span class='ocrx_word' id='word_1_47' title='bbox 643 1194 767 1278; x_wconf 85' lang='grc' dir='ltr'><strong><em>κόσμον</em></strong></span> <span class='ocrx_word' id='word_1_48' title='bbox 786 1199 916 1261; x_wconf 85' lang='grc' dir='ltr'><strong><em>διοικεῖν</em></strong></span> <span class='ocrx_word' id='word_1_49' title='bbox 936 1198 1085 1276; x_wconf 90' lang='lat' dir='ltr'><strong>(Phaedr.</strong></span> <span class='ocrx_word' id='word_1_50' title='bbox 1106 1201 1168 1263; x_wconf 83' lang='grc'><strong>246</strong></span> <span class='ocrx_word' id='word_1_51' title='bbox 1177 1201 1217 1276; x_wconf 82' lang='grc' dir='ltr'><strong>Β)</strong></span> <span class='ocrx_word' id='word_1_52' title='bbox 1240 1199 1398 1263; x_wconf 91' lang='lat' dir='ltr'><strong>-Prae-</strong></span> 
     </span>
     <span class='ocr_line' id='line_1_8' title="bbox 368 1301 1242 1387; baseline 0.002 -21"><span class='ocrx_word' id='word_1_53' title='bbox 368 1309 455 1368; x_wconf 88' lang='lat' dir='ltr'><strong>terea</strong></span> <span class='ocrx_word' id='word_1_54' title='bbox 477 1303 534 1386; x_wconf 87' lang='lat' dir='ltr'><strong>IV,</strong></span> <span class='ocrx_word' id='word_1_55' title='bbox 558 1307 587 1387; x_wconf 91' lang='lat'><strong>8,</strong></span> <span class='ocrx_word' id='word_1_56' title='bbox 611 1306 631 1366; x_wconf 88' lang='grc'>4</span> <span class='ocrx_word' id='word_1_57' title='bbox 655 1341 694 1348; x_wconf 99' lang='grc'>-</span> <span class='ocrx_word' id='word_1_58' title='bbox 718 1303 779 1386; x_wconf 88' lang='grc' dir='ltr'><strong>ΙΠ,</strong></span> <span class='ocrx_word' id='word_1_59' title='bbox 804 1306 832 1386; x_wconf 83' lang='grc'><strong>7,</strong></span> <span class='ocrx_word' id='word_1_60' title='bbox 858 1306 915 1386; x_wconf 82' lang='lat'><strong>113</strong></span> <span class='ocrx_word' id='word_1_61' title='bbox 941 1305 989 1367; x_wconf 91' lang='grc'><strong>13.</strong></span> <span class='ocrx_word' id='word_1_62' title='bbox 1014 1338 1053 1346; x_wconf 89' lang='grc'>-</span> <span class='ocrx_word' id='word_1_63' title='bbox 1076 1301 1135 1385; x_wconf 87' lang='lat' dir='ltr'><strong>IV,</strong></span> <span class='ocrx_word' id='word_1_64' title='bbox 1158 1306 1188 1386; x_wconf 84' lang='lat'><strong>3,</strong></span> <span class='ocrx_word' id='word_1_65' title='bbox 1213 1307 1242 1368; x_wconf 80' lang='lat'><strong>7.</strong></span> 
     </span>
    </p>

    <p class='ocr_par' dir='ltr' id='par_1_3' title="bbox 366 1406 1398 1780">
     <span class='ocr_line' id='line_1_9' title="bbox 452 1406 1395 1491; baseline -0.002 -21"><span class='ocrx_word' id='word_1_66' title='bbox 452 1406 576 1471; x_wconf 80' lang='lat' dir='ltr'><strong>Eodem</strong></span> <span class='ocrx_word' id='word_1_67' title='bbox 616 1407 711 1471; x_wconf 91' lang='lat' dir='ltr'><strong>modo</strong></span> <span class='ocrx_word' id='word_1_68' title='bbox 742 1406 937 1491; x_wconf 85' lang='lat' dir='ltr'>Porphyrius</span> <span class='ocrx_word' id='word_1_69' title='bbox 965 1407 1080 1490; x_wconf 91' lang='lat' dir='ltr'><strong>aliique</strong></span> <span class='ocrx_word' id='word_1_70' title='bbox 1121 1406 1205 1470; x_wconf 89' lang='lat' dir='ltr'><strong>illius</strong></span> <span class='ocrx_word' id='word_1_71' title='bbox 1241 1407 1395 1490; x_wconf 87' lang='lat' dir='ltr'><strong>temporis</strong></span> 
     </span>
     <span class='ocr_line' id='line_1_10' title="bbox 367 1509 1398 1594; baseline 0 -22"><span class='ocrx_word' id='word_1_72' title='bbox 367 1509 546 1594; x_wconf 87' lang='lat' dir='ltr'><strong>philosophi</strong></span> <span class='ocrx_word' id='word_1_73' title='bbox 574 1510 661 1573; x_wconf 90' lang='lat' dir='ltr'><strong>illam</strong></span> <span class='ocrx_word' id='word_1_74' title='bbox 686 1510 878 1574; x_wconf 90' lang='lat' dir='ltr'><strong>sententiam</strong></span> <span class='ocrx_word' id='word_1_75' title='bbox 907 1530 970 1572; x_wconf 91' lang='lat' dir='ltr'><strong>non</strong></span> <span class='ocrx_word' id='word_1_76' title='bbox 1000 1530 1039 1573; x_wconf 91' lang='lat' dir='ltr'><strong>eo</strong></span> <span class='ocrx_word' id='word_1_77' title='bbox 1068 1509 1179 1573; x_wconf 87' lang='lat' dir='ltr'><strong>ordine</strong></span> <span class='ocrx_word' id='word_1_78' title='bbox 1209 1510 1398 1593; x_wconf 76' lang='lat' dir='ltr'><strong>exposuisse</strong></span> 
     </span>
     <span class='ocr_line' id='line_1_11' title="bbox 370 1611 1395 1697; baseline -0.002 -21"><span class='ocrx_word' id='word_1_79' title='bbox 370 1611 527 1694; x_wconf 86' lang='lat' dir='ltr'><strong>videntur,</strong></span> <span class='ocrx_word' id='word_1_80' title='bbox 550 1633 613 1697; x_wconf 91' lang='lat' dir='ltr'><strong>quo</strong></span> <span class='ocrx_word' id='word_1_81' title='bbox 636 1611 729 1676; x_wconf 87' lang='lat' dir='ltr'><strong>Plato</strong></span> <span class='ocrx_word' id='word_1_82' title='bbox 752 1633 824 1676; x_wconf 90' lang='lat' dir='ltr'><strong>eam</strong></span> <span class='ocrx_word' id='word_1_83' title='bbox 847 1612 1039 1696; x_wconf 80' lang='lat' dir='ltr'><strong>explanavit,</strong></span> <span class='ocrx_word' id='word_1_84' title='bbox 1063 1611 1120 1676; x_wconf 89' lang='lat' dir='ltr'><strong>sed</strong></span> <span class='ocrx_word' id='word_1_85' title='bbox 1142 1618 1178 1675; x_wconf 89' lang='lat' dir='ltr'><strong>ut</strong></span> <span class='ocrx_word' id='word_1_86' title='bbox 1209 1618 1320 1676; x_wconf 89' lang='lat' dir='ltr'><strong>renota</strong></span> <span class='ocrx_word' id='word_1_87' title='bbox 1353 1633 1395 1674; x_wconf 86' lang='lat' dir='ltr'><strong>ea</strong></span> 
     </span>
     <span class='ocr_line' id='line_1_12' title="bbox 366 1715 524 1780; baseline 0.013 -2"><span class='ocrx_word' id='word_1_88' title='bbox 366 1715 415 1778; x_wconf 92' lang='lat' dir='ltr'><strong>usi</strong></span> <span class='ocrx_word' id='word_1_89' title='bbox 441 1720 524 1780; x_wconf 89' lang='lat' dir='ltr'><strong>sunt.</strong></span> 
     </span>
    </p>

    <p class='ocr_par' dir='ltr' id='par_1_4' title="bbox 367 1816 1462 2517">
     <span class='ocr_line' id='line_1_13' title="bbox 381 1816 1398 1908; baseline -0.001 -27"><span class='ocrx_word' id='word_1_90' title='bbox 381 1887 383 1892; x_wconf 60' lang='grc'>,</span> <span class='ocrx_word' id='word_1_91' title='bbox 456 1816 519 1881; x_wconf 80' lang='lat' dir='ltr'><strong>Sed</strong></span> <span class='ocrx_word' id='word_1_92' title='bbox 542 1835 722 1908; x_wconf 61' lang='lat' dir='ltr'><strong>pergangls.</strong></span> <span class='ocrx_word' id='word_1_93' title='bbox 768 1817 819 1881; x_wconf 80' lang='lat' dir='ltr'><strong>Ex</strong></span> <span class='ocrx_word' id='word_1_94' title='bbox 842 1817 985 1881; x_wconf 88' lang='lat' dir='ltr'><strong>Platonis</strong></span> <span class='ocrx_word' id='word_1_95' title='bbox 1005 1817 1153 1882; x_wconf 89' lang='lat' dir='ltr'><strong>Phaedro</strong></span> <span class='ocrx_word' id='word_1_96' title='bbox 1168 1817 1333 1904; x_wconf 85' lang='lat' dir='ltr'><strong>Nyssenus</strong></span> <span class='ocrx_word' id='word_1_97' title='bbox 1355 1838 1398 1880; x_wconf 87' lang='lat' dir='ltr'><strong>ea</strong></span> 
     </span>
     <span class='ocr_line' id='line_1_14' title="bbox 367 1919 1398 2004; baseline -0.001 -21"><span class='ocrx_word' id='word_1_98' title='bbox 367 1940 490 2004; x_wconf 90' lang='lat' dir='ltr'><strong>quoque</strong></span> <span class='ocrx_word' id='word_1_99' title='bbox 513 1920 610 1984; x_wconf 89' lang='lat' dir='ltr'><strong>verba</strong></span> <span class='ocrx_word' id='word_1_100' title='bbox 633 1921 819 2003; x_wconf 83' lang='lat' dir='ltr'><strong>repetivisse</strong></span> <span class='ocrx_word' id='word_1_101' title='bbox 847 1920 924 1982; x_wconf 92' lang='lat' dir='ltr'><strong>mihi</strong></span> <span class='ocrx_word' id='word_1_102' title='bbox 951 1919 1085 2003; x_wconf 91' lang='lat' dir='ltr'><strong>videtur,</strong></span> <span class='ocrx_word' id='word_1_103' title='bbox 1113 1941 1195 2004; x_wconf 89' lang='lat' dir='ltr'><strong>quae</strong></span> <span class='ocrx_word' id='word_1_104' title='bbox 1217 1920 1297 2002; x_wconf 86' lang='grc'>165,</span> <span class='ocrx_word' id='word_1_105' title='bbox 1320 1919 1350 1982; x_wconf 92' lang='lat' dir='ltr'>D</span> <span class='ocrx_word' id='word_1_106' title='bbox 1375 1923 1398 1982; x_wconf 90' lang='lat'><strong>3</strong></span> 
     </span>
     <span class='ocr_line' id='line_1_15' title="bbox 367 2011 1399 2105; baseline -0.003 -20"><span class='ocrx_word' id='word_1_107' title='bbox 367 2022 530 2105; x_wconf 86' lang='lat' dir='ltr'><strong>leguntur:</strong></span> <span class='ocrx_word' id='word_1_108' title='bbox 554 2011 602 2104; x_wconf 80' lang='lat' dir='ltr'><strong>,oi¹</strong></span> <span class='ocrx_word' id='word_1_109' title='bbox 623 2017 766 2083; x_wconf 80' lang='grc' dir='ltr'><strong><em>δοναιὸν</em></strong></span> <span class='ocrx_word' id='word_1_110' title='bbox 781 2072 789 2086; x_wconf 91' lang='grc'><strong>.</strong></span> <span class='ocrx_word' id='word_1_111' title='bbox 806 2071 814 2088; x_wconf 90' lang='grc'><strong>.</strong></span> <span class='ocrx_word' id='word_1_112' title='bbox 831 2072 839 2087; x_wconf 91' lang='grc'><strong>.</strong></span> <span class='ocrx_word' id='word_1_113' title='bbox 854 2013 920 2083; x_wconf 85' lang='grc' dir='ltr'><strong>ἅνω</strong></span> <span class='ocrx_word' id='word_1_114' title='bbox 943 2022 996 2104; x_wconf 78' lang='grc' dir='ltr'><strong>τῆς</strong></span> <span class='ocrx_word' id='word_1_115' title='bbox 1018 2012 1219 2100; x_wconf 73' lang='grc' dir='ltr'><strong><em>οὐρανίου</em></strong></span> <span class='ocrx_word' id='word_1_116' title='bbox 1241 2013 1399 2102; x_wconf 83' lang='grc' dir='ltr'><strong><em>ἁψῖδος</em></strong></span> 
     </span>
     <span class='ocr_line' id='line_1_16' title="bbox 367 2115 1399 2208; baseline 0.001 -22"><span class='ocrx_word' id='word_1_117' title='bbox 367 2119 401 2186; x_wconf 78' lang='grc' dir='ltr'><strong>ἓν</strong></span> <span class='ocrx_word' id='word_1_118' title='bbox 415 2124 459 2206; x_wconf 80' lang='grc' dir='ltr'><strong>τῷ</strong></span> <span class='ocrx_word' id='word_1_119' title='bbox 490 2123 694 2206; x_wconf 70' lang='grc' dir='ltr'><strong><em>σφαιροειδεῖ</em></strong></span> <span class='ocrx_word' id='word_1_120' title='bbox 713 2118 848 2205; x_wconf 65' lang='grc' dir='ltr'><strong><em>σχήμασι</em></strong></span> <span class='ocrx_word' id='word_1_121' title='bbox 870 2115 907 2185; x_wconf 77' lang='lat' dir='ltr'><strong>vd</strong></span> <span class='ocrx_word' id='word_1_122' title='bbox 922 2116 1058 2206; x_wconf 78' lang='grc' dir='ltr'><strong><em>ῥενσιὰν</em></strong></span> <span class='ocrx_word' id='word_1_123' title='bbox 1073 2119 1237 2208; x_wconf 52' lang='grc' dir='ltr'><strong><em>ε’φιζῇσαιί.</em></strong></span> <span class='ocrx_word' id='word_1_124' title='bbox 1274 2125 1399 2198; x_wconf 83' lang='lat' dir='ltr'><strong>Quibus</strong></span> 
     </span>
     <span class='ocr_line' id='line_1_17' title="bbox 367 2221 1394 2311; baseline -0.004 -20"><span class='ocrx_word' id='word_1_125' title='bbox 367 2227 471 2291; x_wconf 83' lang='lat' dir='ltr'><strong>verbis</strong></span> <span class='ocrx_word' id='word_1_126' title='bbox 486 2228 656 2311; x_wconf 83' lang='lat' dir='ltr'><strong>Gregorius</strong></span> <span class='ocrx_word' id='word_1_127' title='bbox 680 2227 793 2291; x_wconf 88' lang='lat' dir='ltr'><strong>alludit</strong></span> <span class='ocrx_word' id='word_1_128' title='bbox 814 2228 855 2292; x_wconf 92' lang='lat' dir='ltr'><strong>ad</strong></span> <span class='ocrx_word' id='word_1_129' title='bbox 878 2227 1015 2292; x_wconf 88' lang='lat' dir='ltr'><strong>Phaedr.</strong></span> <span class='ocrx_word' id='word_1_130' title='bbox 1038 2227 1153 2294; x_wconf 73' lang='lat'>2473:</span> <span class='ocrx_word' id='word_1_131' title='bbox 1176 2230 1287 2309; x_wconf 67' lang='grc' dir='ltr'><strong>,(ῧίεοί)</strong></span> <span class='ocrx_word' id='word_1_132' title='bbox 1310 2221 1394 2288; x_wconf 79' lang='grc' dir='ltr'><strong><em>ὅταν</em></strong></span> 
     </span>
     <span class='ocr_line' id='line_1_18' title="bbox 368 2322 1395 2412; baseline -0.005 -18"><span class='ocrx_word' id='word_1_133' title='bbox 368 2380 375 2394; x_wconf 93' lang='grc'><em>.</em></span> <span class='ocrx_word' id='word_1_134' title='bbox 400 2379 407 2394; x_wconf 90' lang='grc'><strong>.</strong></span> <span class='ocrx_word' id='word_1_135' title='bbox 432 2379 440 2395; x_wconf 94' lang='grc'><strong>.</strong></span> <span class='ocrx_word' id='word_1_136' title='bbox 462 2324 517 2391; x_wconf 80' lang='grc' dir='ltr'><strong>ἐπὶ</strong></span> <span class='ocrx_word' id='word_1_137' title='bbox 538 2331 653 2412; x_wconf 67' lang='grc' dir='ltr'><strong><em>θοίνην</em></strong></span> <span class='ocrx_word' id='word_1_138' title='bbox 675 2325 776 2401; x_wconf 84' lang='grc' dir='ltr'><strong><em>ἴωσιν,</em></strong></span> <span class='ocrx_word' id='word_1_139' title='bbox 800 2322 899 2409; x_wconf 81' lang='grc' dir='ltr'><strong><em>ἄκραν</em></strong></span> <span class='ocrx_word' id='word_1_140' title='bbox 921 2324 977 2391; x_wconf 81' lang='grc' dir='ltr'><strong><em>εἰιὶ</em></strong></span> <span class='ocrx_word' id='word_1_141' title='bbox 999 2325 1058 2412; x_wconf 75' lang='grc' dir='ltr'><strong>τὴν</strong></span> <span class='ocrx_word' id='word_1_142' title='bbox 1079 2322 1338 2412; x_wconf 73' lang='grc' dir='ltr'><strong><em>ὑπουράνιον</em></strong></span> <span class='ocrx_word' id='word_1_143' title='bbox 1360 2323 1395 2389; x_wconf 84' lang='grc' dir='ltr'><strong>ἆ-</strong></span> 
     </span>
     <span class='ocr_line' id='line_1_19' title="bbox 368 2428 1462 2517; baseline 0.002 -23"><span class='ocrx_word' id='word_1_144' title='bbox 368 2431 468 2514; x_wconf 81' lang='grc' dir='ltr'><strong><em>ψῖδα</em></strong></span> <span class='ocrx_word' id='word_1_145' title='bbox 490 2429 684 2513; x_wconf 73' lang='grc' dir='ltr'><strong><em>πορεύονται</em></strong></span> <span class='ocrx_word' id='word_1_146' title='bbox 707 2483 714 2497; x_wconf 92' lang='grc'><strong>.</strong></span> <span class='ocrx_word' id='word_1_147' title='bbox 740 2428 758 2497; x_wconf 84' lang='lat'><strong>.‘</strong></span> <span class='ocrx_word' id='word_1_148' title='bbox 781 2432 850 2496; x_wconf 88' lang='lat' dir='ltr'><strong>Nec</strong></span> <span class='ocrx_word' id='word_1_149' title='bbox 872 2433 977 2496; x_wconf 88' lang='lat' dir='ltr'><strong>minus</strong></span> <span class='ocrx_word' id='word_1_150' title='bbox 1004 2453 1086 2517; x_wconf 89' lang='lat' dir='ltr'><strong>quae</strong></span> <span class='ocrx_word' id='word_1_151' title='bbox 1117 2433 1203 2517; x_wconf 91' lang='lat' dir='ltr'><strong>apud</strong></span> <span class='ocrx_word' id='word_1_152' title='bbox 1225 2434 1396 2496; x_wconf 90' lang='lat' dir='ltr'><strong>Platonem</strong></span> <span class='ocrx_word' id='word_1_153' title='bbox 1457 2475 1462 2487; x_wconf 52' lang='grc' dir='ltr'><strong><em>ι</em></strong></span> 
     </span>
    </p>
   </div>
   <div class='ocr_carea' id='block_1_3' title="bbox 371 2536 1501 2630">
    <p class='ocr_par' dir='ltr' id='par_1_5' title="bbox 371 2536 1501 2630">
     <span class='ocr_line' id='line_1_20' title="bbox 371 2536 1501 2630; baseline -0.002 -30"><span class='ocrx_word' id='word_1_154' title='bbox 371 2542 545 2621; x_wconf 86' lang='lat' dir='ltr'><strong>sequuntur</strong></span> <span class='ocrx_word' id='word_1_155' title='bbox 576 2536 674 2600; x_wconf 87' lang='lat' dir='ltr'><strong>verba</strong></span> <span class='ocrx_word' id='word_1_156' title='bbox 707 2536 878 2619; x_wconf 81' lang='lat' dir='ltr'><strong>Gregorius</strong></span> <span class='ocrx_word' id='word_1_157' title='bbox 910 2536 944 2598; x_wconf 92' lang='lat' dir='ltr'><strong>in</strong></span> <span class='ocrx_word' id='word_1_158' title='bbox 977 2557 1070 2599; x_wconf 87' lang='lat' dir='ltr'><strong>usum</strong></span> <span class='ocrx_word' id='word_1_159' title='bbox 1104 2557 1196 2630; x_wconf 86' lang='lat' dir='ltr'><strong>suum</strong></span> <span class='ocrx_word' id='word_1_160' title='bbox 1230 2536 1396 2617; x_wconf 88' lang='lat' dir='ltr'><strong>convertit,</strong></span> <span class='ocrx_word' id='word_1_161' title='bbox 1500 2566 1501 2577; x_wconf 38' lang='grc' dir='ltr'><strong><em>ν</em></strong></span> 
     </span>
    </p>
   </div>
   <div class='ocr_carea' id='block_1_4' title="bbox 368 2629 1499 4369">
    <p class='ocr_par' dir='ltr' id='par_1_6' title="bbox 368 2629 1425 3854">
     <span class='ocr_line' id='line_1_21' title="bbox 370 2629 1397 2722; baseline -0.005 -20"><span class='ocrx_word' id='word_1_162' title='bbox 370 2639 475 2703; x_wconf 90' lang='lat' dir='ltr'><strong>verbis</strong></span> <span class='ocrx_word' id='word_1_163' title='bbox 508 2638 570 2722; x_wconf 88' lang='grc' dir='ltr'><strong>ΠΙ,</strong></span> <span class='ocrx_word' id='word_1_164' title='bbox 611 2638 709 2704; x_wconf 81' lang='grc' dir='ltr'><strong>288Β</strong></span> <span class='ocrx_word' id='word_1_165' title='bbox 747 2641 802 2703; x_wconf 88' lang='lat'><strong>14:</strong></span> <span class='ocrx_word' id='word_1_166' title='bbox 855 2632 1004 2720; x_wconf 68' lang='grc' dir='ltr'><strong>,εὐπειθῆ</strong></span> <span class='ocrx_word' id='word_1_167' title='bbox 1038 2637 1090 2699; x_wconf 78' lang='grc' dir='ltr'><strong>καὶ</strong></span> <span class='ocrx_word' id='word_1_168' title='bbox 1126 2629 1291 2721; x_wconf 63' lang='lat' dir='ltr'><strong>sirinano</strong></span> <span class='ocrx_word' id='word_1_169' title='bbox 1326 2634 1397 2718; x_wconf 80' lang='grc' dir='ltr'><strong>τὴν</strong></span> 
     </span>
     <span class='ocr_line' id='line_1_22' title="bbox 370 2732 1396 2824; baseline 0.001 -22"><span class='ocrx_word' id='word_1_170' title='bbox 370 2735 503 2822; x_wconf 79' lang='grc' dir='ltr'><strong><em>ψυχὴν</em></strong></span> <span class='ocrx_word' id='word_1_171' title='bbox 526 2745 590 2808; x_wconf 78' lang='grc' dir='ltr'><strong><em>τοῖς</em></strong></span> <span class='ocrx_word' id='word_1_172' title='bbox 610 2737 677 2823; x_wconf 71' lang='grc' dir='ltr'><strong>τῆξ</strong></span> <span class='ocrx_word' id='word_1_173' title='bbox 696 2732 845 2824; x_wconf 67' lang='grc' dir='ltr'><strong><em>ἀρετῆς</em></strong></span> <span class='ocrx_word' id='word_1_174' title='bbox 860 2735 1257 2821; x_wconf 77' lang='grc' dir='ltr'><strong>ἐαιδιδόναιδριίμοις.ι</strong></span> <span class='ocrx_word' id='word_1_175' title='bbox 1302 2741 1396 2805; x_wconf 91' lang='lat' dir='ltr'><strong>Plato</strong></span> 
     </span>
     <span class='ocr_line' id='line_1_23' title="bbox 370 2827 1392 2928; baseline -0.006 -20"><span class='ocrx_word' id='word_1_176' title='bbox 370 2845 454 2908; x_wconf 89' lang='lat' dir='ltr'><strong>enirn</strong></span> <span class='ocrx_word' id='word_1_177' title='bbox 477 2844 497 2909; x_wconf 90' lang='lat' dir='ltr'><strong>l.</strong></span> <span class='ocrx_word' id='word_1_178' title='bbox 521 2865 547 2907; x_wconf 92' lang='lat' dir='ltr'><strong>c.</strong></span> <span class='ocrx_word' id='word_1_179' title='bbox 571 2845 615 2906; x_wconf 89' lang='lat' dir='ltr'><strong>sic</strong></span> <span class='ocrx_word' id='word_1_180' title='bbox 648 2845 767 2928; x_wconf 87' lang='lat' dir='ltr'><strong>pergit:</strong></span> <span class='ocrx_word' id='word_1_181' title='bbox 798 2893 806 2908; x_wconf 91' lang='lat'><strong>.</strong></span> <span class='ocrx_word' id='word_1_182' title='bbox 830 2893 838 2910; x_wconf 90' lang='lat'><strong>.</strong></span> <span class='ocrx_word' id='word_1_183' title='bbox 862 2893 870 2908; x_wconf 91' lang='lat'><strong>.</strong></span> <span class='ocrx_word' id='word_1_184' title='bbox 894 2827 922 2926; x_wconf 80' lang='grc' dir='ltr'><strong>,ᾗ</strong></span> <span class='ocrx_word' id='word_1_185' title='bbox 952 2838 994 2924; x_wconf 78' lang='grc' dir='ltr'><strong>δὴ</strong></span> <span class='ocrx_word' id='word_1_186' title='bbox 1024 2836 1063 2905; x_wconf 85' lang='grc' dir='ltr'><strong>τὰ</strong></span> <span class='ocrx_word' id='word_1_187' title='bbox 1082 2841 1140 2920; x_wconf 70' lang='grc' dir='ltr'><strong>μὲν</strong></span> <span class='ocrx_word' id='word_1_188' title='bbox 1161 2841 1248 2906; x_wconf 67' lang='grc' dir='ltr'><strong>θεῶν</strong></span> <span class='ocrx_word' id='word_1_189' title='bbox 1270 2837 1392 2925; x_wconf 72' lang='grc' dir='ltr'><strong><em>δχῇμια</em></strong></span> 
     </span>
     <span class='ocr_line' id='line_1_24' title="bbox 369 2935 1393 3029; baseline -0.002 -23"><span class='ocrx_word' id='word_1_190' title='bbox 369 2935 552 3029; x_wconf 79' lang='grc' dir='ltr'><strong><em>ι’σορῥόιιιος</em></strong></span> <span class='ocrx_word' id='word_1_191' title='bbox 574 2939 713 3028; x_wconf 63' lang='lat' dir='ltr'><strong>stidore</strong></span> <span class='ocrx_word' id='word_1_192' title='bbox 736 2939 816 3006; x_wconf 78' lang='grc' dir='ltr'><strong><em>ὄντα</em></strong></span> <span class='ocrx_word' id='word_1_193' title='bbox 838 2939 953 3027; x_wconf 83' lang='grc' dir='ltr'><strong><em>ῥαδίως</em></strong></span> <span class='ocrx_word' id='word_1_194' title='bbox 976 2941 1156 3026; x_wconf 72' lang='grc' dir='ltr'><strong><em>πορεύεται,</em></strong></span> <span class='ocrx_word' id='word_1_195' title='bbox 1185 2942 1224 3007; x_wconf 85' lang='grc' dir='ltr'><strong>τὰ</strong></span> <span class='ocrx_word' id='word_1_196' title='bbox 1255 2943 1293 3008; x_wconf 77' lang='grc' dir='ltr'><strong>δὲ</strong></span> <span class='ocrx_word' id='word_1_197' title='bbox 1313 2940 1393 3005; x_wconf 67' lang='grc' dir='ltr'><strong>ἄλλα</strong></span> 
     </span>
     <span class='ocr_line' id='line_1_25' title="bbox 368 3046 1394 3132; baseline 0.002 -23"><span class='ocrx_word' id='word_1_198' title='bbox 368 3046 478 3129; x_wconf 54' lang='grc' dir='ltr'><strong>μὺμςέ</strong></span> <span class='ocrx_word' id='word_1_199' title='bbox 515 3049 624 3112; x_wconf 84' lang='lat' dir='ltr'><strong>Fluxit</strong></span> <span class='ocrx_word' id='word_1_200' title='bbox 646 3054 753 3113; x_wconf 91' lang='lat' dir='ltr'><strong>autem</strong></span> <span class='ocrx_word' id='word_1_201' title='bbox 777 3054 877 3112; x_wconf 88' lang='lat' dir='ltr'><strong>toturn</strong></span> <span class='ocrx_word' id='word_1_202' title='bbox 894 3048 971 3111; x_wconf 91' lang='lat' dir='ltr'><strong>illud</strong></span> <span class='ocrx_word' id='word_1_203' title='bbox 988 3048 1113 3112; x_wconf 86' lang='lat' dir='ltr'><strong>dicendi</strong></span> <span class='ocrx_word' id='word_1_204' title='bbox 1128 3070 1239 3132; x_wconf 90' lang='lat' dir='ltr'><strong>genus,</strong></span> <span class='ocrx_word' id='word_1_205' title='bbox 1255 3049 1394 3112; x_wconf 91' lang='lat' dir='ltr'><strong>animam</strong></span> 
     </span>
     <span class='ocr_line' id='line_1_26' title="bbox 370 3151 1393 3236; baseline 0.001 -22"><span class='ocrx_word' id='word_1_206' title='bbox 370 3152 490 3215; x_wconf 90' lang='lat' dir='ltr'><strong>scilicet</strong></span> <span class='ocrx_word' id='word_1_207' title='bbox 512 3151 553 3214; x_wconf 91' lang='lat' dir='ltr'><strong>ad</strong></span> <span class='ocrx_word' id='word_1_208' title='bbox 575 3152 723 3216; x_wconf 88' lang='lat' dir='ltr'><strong>virtutem</strong></span> <span class='ocrx_word' id='word_1_209' title='bbox 740 3172 876 3233; x_wconf 90' lang='lat' dir='ltr'><strong>currere,</strong></span> <span class='ocrx_word' id='word_1_210' title='bbox 893 3172 934 3216; x_wconf 83' lang='lat' dir='ltr'><strong>ex</strong></span> <span class='ocrx_word' id='word_1_211' title='bbox 949 3152 1092 3214; x_wconf 87' lang='lat' dir='ltr'><strong>Platonis</strong></span> <span class='ocrx_word' id='word_1_212' title='bbox 1111 3151 1249 3236; x_wconf 83' lang='lat' dir='ltr'><strong>imagine</strong></span> <span class='ocrx_word' id='word_1_213' title='bbox 1266 3153 1393 3216; x_wconf 88' lang='lat' dir='ltr'><strong>animae</strong></span> 
     </span>
     <span class='ocr_line' id='line_1_27' title="bbox 369 3254 1395 3338; baseline 0 -22"><span class='ocrx_word' id='word_1_214' title='bbox 369 3254 427 3317; x_wconf 87' lang='lat' dir='ltr'><strong>alis</strong></span> <span class='ocrx_word' id='word_1_215' title='bbox 450 3254 624 3338; x_wconf 88' lang='lat' dir='ltr'><strong>praeditae,</strong></span> <span class='ocrx_word' id='word_1_216' title='bbox 646 3276 728 3338; x_wconf 88' lang='lat' dir='ltr'><strong>quae</strong></span> <span class='ocrx_word' id='word_1_217' title='bbox 751 3254 779 3318; x_wconf 87' lang='lat' dir='ltr'><strong>si</strong></span> <span class='ocrx_word' id='word_1_218' title='bbox 809 3275 843 3318; x_wconf 88' lang='lat' dir='ltr'><strong>se</strong></span> <span class='ocrx_word' id='word_1_219' title='bbox 873 3254 973 3318; x_wconf 87' lang='lat' dir='ltr'><strong>semel</strong></span> <span class='ocrx_word' id='word_1_220' title='bbox 1003 3254 1222 3337; x_wconf 80' lang='lat' dir='ltr'><strong>explicuerint,</strong></span> <span class='ocrx_word' id='word_1_221' title='bbox 1254 3255 1395 3317; x_wconf 89' lang='lat' dir='ltr'><strong>animam</strong></span> 
     </span>
     <span class='ocr_line' id='line_1_28' title="bbox 370 3354 1395 3440; baseline 0 -21"><span class='ocrx_word' id='word_1_222' title='bbox 370 3361 482 3440; x_wconf 90' lang='lat' dir='ltr'><strong>sponte</strong></span> <span class='ocrx_word' id='word_1_223' title='bbox 507 3377 564 3420; x_wconf 91' lang='lat' dir='ltr'><strong>sua</strong></span> <span class='ocrx_word' id='word_1_224' title='bbox 586 3357 627 3420; x_wconf 92' lang='lat' dir='ltr'><strong>ad</strong></span> <span class='ocrx_word' id='word_1_225' title='bbox 651 3357 805 3420; x_wconf 86' lang='lat' dir='ltr'><strong>caelestes</strong></span> <span class='ocrx_word' id='word_1_226' title='bbox 835 3356 929 3420; x_wconf 88' lang='lat' dir='ltr'><strong>sedes</strong></span> <span class='ocrx_word' id='word_1_227' title='bbox 958 3354 1096 3420; x_wconf 86' lang='lat' dir='ltr'><strong>evehant</strong></span> <span class='ocrx_word' id='word_1_228' title='bbox 1126 3357 1179 3432; x_wconf 85' lang='lat' dir='ltr'><strong>(cl.</strong></span> <span class='ocrx_word' id='word_1_229' title='bbox 1202 3356 1395 3439; x_wconf 90' lang='lat' dir='ltr'><strong>Krahingeri</strong></span> 
     </span>
     <span class='ocr_line' id='line_1_29' title="bbox 368 3458 1425 3544; baseline 0 -20"><span class='ocrx_word' id='word_1_230' title='bbox 368 3459 419 3524; x_wconf 92' lang='lat' dir='ltr'><strong>ed.</strong></span> <span class='ocrx_word' id='word_1_231' title='bbox 443 3458 560 3542; x_wconf 89' lang='lat' dir='ltr'><strong>dialogi</strong></span> <span class='ocrx_word' id='word_1_232' title='bbox 590 3459 787 3542; x_wconf 87' lang='lat' dir='ltr'><strong>Gregoriani,</strong></span> <span class='ocrx_word' id='word_1_233' title='bbox 810 3461 864 3544; x_wconf 91' lang='lat' dir='ltr'><strong>qui</strong></span> <span class='ocrx_word' id='word_1_234' title='bbox 886 3464 936 3522; x_wconf 88' lang='lat' dir='ltr'><strong>est</strong></span> <span class='ocrx_word' id='word_1_235' title='bbox 957 3459 997 3522; x_wconf 92' lang='lat' dir='ltr'><strong>de</strong></span> <span class='ocrx_word' id='word_1_236' title='bbox 1020 3481 1071 3524; x_wconf 90' lang='lat' dir='ltr'><strong>an.</strong></span> <span class='ocrx_word' id='word_1_237' title='bbox 1094 3465 1128 3522; x_wconf 91' lang='lat' dir='ltr'><strong>et</strong></span> <span class='ocrx_word' id='word_1_238' title='bbox 1148 3481 1209 3524; x_wconf 87' lang='lat' dir='ltr'><strong>res.</strong></span> <span class='ocrx_word' id='word_1_239' title='bbox 1243 3482 1274 3544; x_wconf 91' lang='lat' dir='ltr'><strong>p.</strong></span> <span class='ocrx_word' id='word_1_240' title='bbox 1308 3463 1425 3537; x_wconf 70' lang='lat'><strong>260).-</strong></span> 
     </span>
     <span class='ocr_line' id='line_1_30' title="bbox 369 3547 1396 3646; baseline -0.003 -20"><span class='ocrx_word' id='word_1_241' title='bbox 369 3563 451 3627; x_wconf 88' lang='lat' dir='ltr'><strong>Plat.</strong></span> <span class='ocrx_word' id='word_1_242' title='bbox 474 3562 591 3627; x_wconf 86' lang='lat' dir='ltr'><strong>Phadr.</strong></span> <span class='ocrx_word' id='word_1_243' title='bbox 615 3562 729 3628; x_wconf 78' lang='lat'>2480:</span> <span class='ocrx_word' id='word_1_244' title='bbox 761 3557 859 3645; x_wconf 78' lang='grc' dir='ltr'><strong><em>ἡιοῠ</em></strong></span> <span class='ocrx_word' id='word_1_245' title='bbox 883 3561 1002 3642; x_wconf 82' lang='grc' dir='ltr'><strong><em>πτεροῦ</em></strong></span> <span class='ocrx_word' id='word_1_246' title='bbox 1025 3557 1130 3641; x_wconf 82' lang='grc' dir='ltr'><strong><em>φύσις,</em></strong></span> <span class='ocrx_word' id='word_1_247' title='bbox 1153 3547 1177 3646; x_wconf 73' lang='grc' dir='ltr'><strong><em>ᾧ</em></strong></span> <span class='ocrx_word' id='word_1_248' title='bbox 1202 3559 1290 3644; x_wconf 76' lang='grc' dir='ltr'><strong><em>ψυχὴ</em></strong></span> <span class='ocrx_word' id='word_1_249' title='bbox 1312 3584 1396 3623; x_wconf 85' lang='grc' dir='ltr'><strong><em>κον·</em></strong></span> 
     </span>
     <span class='ocr_line' id='line_1_31' title="bbox 368 3663 1397 3749; baseline 0.001 -24"><span class='ocrx_word' id='word_1_250' title='bbox 368 3663 512 3746; x_wconf 82' lang='grc' dir='ltr'><strong><em>φίζειαι</em></strong></span> <span class='ocrx_word' id='word_1_251' title='bbox 535 3671 567 3728; x_wconf 92' lang='lat' dir='ltr'><strong>et</strong></span> <span class='ocrx_word' id='word_1_252' title='bbox 590 3665 629 3729; x_wconf 88' lang='lat' dir='ltr'><strong>al.</strong></span> <span class='ocrx_word' id='word_1_253' title='bbox 675 3665 725 3730; x_wconf 78' lang='lat' dir='ltr'><strong>Of.</strong></span> <span class='ocrx_word' id='word_1_254' title='bbox 742 3667 839 3729; x_wconf 89' lang='lat' dir='ltr'><strong>etiam</strong></span> <span class='ocrx_word' id='word_1_255' title='bbox 857 3666 951 3749; x_wconf 87' lang='lat' dir='ltr'><strong>Greg.</strong></span> <span class='ocrx_word' id='word_1_256' title='bbox 967 3665 1029 3748; x_wconf 87' lang='grc' dir='ltr'>ΙΙΙ,</span> <span class='ocrx_word' id='word_1_257' title='bbox 1042 3666 1120 3730; x_wconf 85' lang='grc' dir='ltr'><strong>88Α</strong></span> <span class='ocrx_word' id='word_1_258' title='bbox 1143 3687 1189 3749; x_wconf 90' lang='lat' dir='ltr'><strong>q.:</strong></span> <span class='ocrx_word' id='word_1_259' title='bbox 1235 3666 1397 3747; x_wconf 81' lang='grc' dir='ltr'><strong>,κοῦφος</strong></span> 
     </span>
     <span class='ocr_line' id='line_1_32' title="bbox 369 3759 1120 3854; baseline 0 -26"><span class='ocrx_word' id='word_1_260' title='bbox 369 3817 377 3834; x_wconf 93' lang='grc'><strong>.</strong></span> <span class='ocrx_word' id='word_1_261' title='bbox 401 3817 409 3833; x_wconf 94' lang='grc'><strong>.</strong></span> <span class='ocrx_word' id='word_1_262' title='bbox 433 3762 451 3828; x_wconf 87' lang='lat' dir='ltr'><strong>o‘</strong></span> <span class='ocrx_word' id='word_1_263' title='bbox 473 3762 559 3846; x_wconf 82' lang='grc' dir='ltr'><strong><em>πρὸς</em></strong></span> <span class='ocrx_word' id='word_1_264' title='bbox 580 3759 618 3829; x_wconf 77' lang='lat' dir='ltr'><strong>ad</strong></span> <span class='ocrx_word' id='word_1_265' title='bbox 641 3760 769 3844; x_wconf 75' lang='grc' dir='ltr'><strong><em>ἀγαθὸν</em></strong></span> <span class='ocrx_word' id='word_1_266' title='bbox 789 3765 844 3852; x_wconf 74' lang='grc' dir='ltr'><strong>τῆς</strong></span> <span class='ocrx_word' id='word_1_267' title='bbox 866 3766 970 3854; x_wconf 74' lang='grc' dir='ltr'><strong><em>ψυχῆς</em></strong></span> <span class='ocrx_word' id='word_1_268' title='bbox 991 3764 1120 3848; x_wconf 85' lang='grc' dir='ltr'><strong><em>δρόμος.</em></strong></span> 
     </span>
    </p>

    <p class='ocr_par' dir='ltr' id='par_1_7' title="bbox 369 3856 1499 4369">
     <span class='ocr_line' id='line_1_33' title="bbox 454 3856 1499 3956; baseline 0.003 -22"><span class='ocrx_word' id='word_1_269' title='bbox 454 3870 528 3934; x_wconf 79' lang='lat' dir='ltr'><strong>Alio</strong></span> <span class='ocrx_word' id='word_1_270' title='bbox 551 3876 716 3954; x_wconf 91' lang='lat' dir='ltr'><strong>praeterea</strong></span> <span class='ocrx_word' id='word_1_271' title='bbox 738 3871 807 3935; x_wconf 90' lang='lat' dir='ltr'><strong>loco</strong></span> <span class='ocrx_word' id='word_1_272' title='bbox 837 3872 963 3956; x_wconf 90' lang='lat' dir='ltr'><strong>dialogi,</strong></span> <span class='ocrx_word' id='word_1_273' title='bbox 994 3873 1048 3956; x_wconf 92' lang='lat' dir='ltr'><strong>qui</strong></span> <span class='ocrx_word' id='word_1_274' title='bbox 1078 3879 1127 3937; x_wconf 89' lang='lat' dir='ltr'><strong>est</strong></span> <span class='ocrx_word' id='word_1_275' title='bbox 1156 3873 1196 3936; x_wconf 92' lang='lat' dir='ltr'><strong>de</strong></span> <span class='ocrx_word' id='word_1_276' title='bbox 1226 3875 1334 3936; x_wconf 89' lang='lat' dir='ltr'><strong>anima</strong></span> <span class='ocrx_word' id='word_1_277' title='bbox 1362 3881 1396 3937; x_wconf 91' lang='lat' dir='ltr'><strong>ct</strong></span> <span class='ocrx_word' id='word_1_278' title='bbox 1498 3856 1499 3861; x_wconf 8' lang='grc' dir='ltr'>ἵ</span> 
     </span>
     <span class='ocr_line' id='line_1_34' title="bbox 369 3974 1394 4058; baseline 0.002 -22"><span class='ocrx_word' id='word_1_279' title='bbox 369 3975 609 4058; x_wconf 89' lang='lat' dir='ltr'><strong>resurrectione,</strong></span> <span class='ocrx_word' id='word_1_280' title='bbox 645 3974 817 4058; x_wconf 83' lang='lat' dir='ltr'><strong>Gregorius</strong></span> <span class='ocrx_word' id='word_1_281' title='bbox 850 3975 994 4039; x_wconf 86' lang='lat' dir='ltr'><strong>Platonis</strong></span> <span class='ocrx_word' id='word_1_282' title='bbox 1035 3975 1130 4040; x_wconf 87' lang='lat' dir='ltr'><strong>affert</strong></span> <span class='ocrx_word' id='word_1_283' title='bbox 1170 3996 1211 4039; x_wconf 86' lang='lat' dir='ltr'><strong>cx</strong></span> <span class='ocrx_word' id='word_1_284' title='bbox 1244 3976 1394 4040; x_wconf 86' lang='lat' dir='ltr'><strong>Phaedro</strong></span> 
     </span>
     <span class='ocr_line' id='line_1_35' title="bbox 369 4077 1396 4163; baseline 0.002 -23"><span class='ocrx_word' id='word_1_285' title='bbox 369 4077 543 4141; x_wconf 85' lang='lat' dir='ltr'><strong>sententias</strong></span> <span class='ocrx_word' id='word_1_286' title='bbox 567 4077 606 4141; x_wconf 88' lang='lat' dir='ltr'><strong>de</strong></span> <span class='ocrx_word' id='word_1_287' title='bbox 629 4077 755 4141; x_wconf 89' lang='lat' dir='ltr'><strong>animae</strong></span> <span class='ocrx_word' id='word_1_288' title='bbox 778 4077 981 4143; x_wconf 86' lang='lat' dir='ltr'><strong>facultatibus</strong></span> <span class='ocrx_word' id='word_1_289' title='bbox 1003 4079 1154 4142; x_wconf 82' lang='lat' dir='ltr'><strong>irascibili</strong></span> <span class='ocrx_word' id='word_1_290' title='bbox 1177 4085 1211 4143; x_wconf 91' lang='lat' dir='ltr'><strong>et</strong></span> <span class='ocrx_word' id='word_1_291' title='bbox 1231 4080 1396 4163; x_wconf 90' lang='lat' dir='ltr'><strong>concupis-</strong></span> 
     </span>
     <span class='ocr_line' id='line_1_36' title="bbox 369 4177 1384 4266; baseline -0.002 -22"><span class='ocrx_word' id='word_1_292' title='bbox 369 4180 464 4264; x_wconf 91' lang='lat' dir='ltr'><strong>cibili,</strong></span> <span class='ocrx_word' id='word_1_293' title='bbox 486 4201 564 4265; x_wconf 90' lang='lat' dir='ltr'><strong>quas</strong></span> <span class='ocrx_word' id='word_1_294' title='bbox 582 4181 695 4244; x_wconf 89' lang='lat' dir='ltr'><strong>Graeci</strong></span> <span class='ocrx_word' id='word_1_295' title='bbox 718 4187 833 4244; x_wconf 89' lang='lat' dir='ltr'><strong>vocant</strong></span> <span class='ocrx_word' id='word_1_296' title='bbox 853 4177 891 4240; x_wconf 80' lang='lat' dir='ltr'><strong>cd</strong></span> <span class='ocrx_word' id='word_1_297' title='bbox 915 4180 1085 4259; x_wconf 67' lang='grc' dir='ltr'><strong><em>θυμοειδὲς</em></strong></span> <span class='ocrx_word' id='word_1_298' title='bbox 1101 4189 1134 4246; x_wconf 88' lang='lat' dir='ltr'><strong>et</strong></span> <span class='ocrx_word' id='word_1_299' title='bbox 1148 4177 1384 4266; x_wconf 71' lang='grc' dir='ltr'><strong><em>ἐπιθυμητικόν</em></strong></span> 
     </span>
     <span class='ocr_line' id='line_1_37' title="bbox 369 4283 1397 4369; baseline 0.003 -22"><span class='ocrx_word' id='word_1_300' title='bbox 369 4283 432 4367; x_wconf 91' lang='grc' dir='ltr'><strong>ΙΠ,</strong></span> <span class='ocrx_word' id='word_1_301' title='bbox 464 4283 539 4350; x_wconf 80' lang='lat'><strong>480</strong></span> <span class='ocrx_word' id='word_1_302' title='bbox 571 4289 590 4348; x_wconf 89' lang='grc'><strong>9</strong></span> <span class='ocrx_word' id='word_1_303' title='bbox 622 4305 687 4369; x_wconf 89' lang='lat' dir='ltr'><strong>seq.</strong></span> <span class='ocrx_word' id='word_1_304' title='bbox 725 4283 810 4347; x_wconf 89' lang='lat' dir='ltr'><strong>enim</strong></span> <span class='ocrx_word' id='word_1_305' title='bbox 840 4284 978 4369; x_wconf 85' lang='lat' dir='ltr'><strong>explieat</strong></span> <span class='ocrx_word' id='word_1_306' title='bbox 1008 4285 1179 4367; x_wconf 88' lang='lat' dir='ltr'><strong>Gregorius</strong></span> <span class='ocrx_word' id='word_1_307' title='bbox 1207 4306 1272 4348; x_wconf 92' lang='lat' dir='ltr'><strong>non</strong></span> <span class='ocrx_word' id='word_1_308' title='bbox 1294 4287 1397 4350; x_wconf 89' lang='lat' dir='ltr'><strong>solum</strong></span> 
     </span>
    </p>
   </div>
   <div class='ocr_carea' id='block_1_5' title="bbox 0 0 1529 5084">
    <p class='ocr_par' dir='ltr' id='par_1_8' title="bbox 0 0 1529 5084">
     <span class='ocr_line' id='line_1_38' title="bbox 0 0 1529 5084; baseline 0 0"><span class='ocrx_word' id='word_1_309' title='bbox 0 0 1529 5084; x_wconf 95' lang='lat' dir='ltr'><strong> </strong></span> 
     </span>
    </p>
   </div>
  </div>
 </body>
</html>
