3042 5084
747 510 1067 614 -oo-¹

336 713 353 778 ό
378 717 414 779 δὲ
439 721 494 794 (so.
525 711 645 796 μυελός
668 718 688 782 i.
712 739 739 781 e.
765 720 895 795 σπέρμα
916 712 1109 798 ἀνθρώπου)
1133 765 1141 781 .
1162 764 1193 782 ..
1218 719 1364 798 ἔμψυχος

335 811 378 882 όν
399 821 450 882 καὶ
472 813 577 900 λαβὼν
592 815 768 903 ἀναπνοήν
786 822 957 906 Gregorius
973 821 1080 903 utitur,
1097 844 1170 886 eum
1185 823 1246 905 ΙΙΙ,
1265 824 1362 888 1250

335 925 426 989 dieit:
450 913 496 1002 ,τό
513 919 548 985 ἐκ
565 921 620 986 τοῦ
635 917 813 1004 ἀνθρώπου
827 917 1071 1003 ἀποσπώμενον
1086 917 1169 1007 πρός
1183 919 1364 1003 όνθριόπου

335 1023 479 1107 φυτείαν,
502 1027 553 1088 καὶ
575 1019 653 1088 αὐτὸ
673 1021 797 1106 τρόπον
819 1018 909 1088 τινὰ
931 1023 1031 1097 ζῶον
1053 1017 1217 1102 εἶναιέξ
1231 1025 1364 1112 ἐμφό-

335 1149 403 1206 χου
427 1126 633 1212 ἔμψυχον,
655 1125 688 1190 ἐκ
712 1134 908 1210 τρεφομένου
932 1126 1153 1210 τρεφόμενον,ι

420 1233 504 1315 Alia⁷
527 1253 608 1317 quae
632 1232 733 1315 magis
749 1232 790 1295 ad
812 1233 910 1296 rerba
931 1239 1109 1316 congruunt
1124 1255 1195 1297 oum
1213 1235 1357 1299 Platonis

336 1338 479 1418 Timaea
503 1345 537 1400 ut
560 1336 620 1418 III,
641 1337 749 1399 1410:
789 1327 836 1414 ,τό
863 1331 1091 1414 ..ἐπίρρυτον
1112 1338 1167 1420 τῆς
1189 1333 1364 1420 φόσεωςὴ-
1398 1329 1403 1336 ’

335 1442 406 1519 μῶν
426 1439 478 1500 καὶ
500 1431 537 1500 τό
561 1430 757 1518 ἀπόρρυτονί
781 1477 818 1485 -
836 1439 884 1504 Pl.
902 1440 983 1504 Tim.
1001 1440 1096 1504 43A:
1121 1433 1168 1519 ,τό
1190 1436 1365 1522 ἐπίρρυτον

339 1545 431 1621 σῶμα
453 1544 504 1604 καὶ
528 1533 724 1622 όπόρρυτονι
749 1581 787 1588 -
811 1542 862 1606 hio
885 1544 1040 1608 omittam.

425 1645 478 1710 Ad
502 1646 675 1710 sententias
699 1653 806 1709 autem
823 1646 965 1709 Platonis
986 1646 1121 1710 redeunt
1134 1646 1223 1712 haee.
1262 1648 1368 1733 Supra

341 1751 393 1826 (of.
424 1769 495 1833 pag.
527 1751 579 1824 47)
612 1748 795 1832 Nyssenum
826 1748 1000 1812 seeundum
1032 1748 1200 1813 Platonem
1237 1745 1367 1833 putasse

339 1852 543 1935 exposuimus
567 1850 686 1913 malum
710 1871 773 1912 non
797 1871 837 1913 ex
861 1850 922 1913 deo
945 1850 1001 1914 sed
1031 1872 1072 1914 ex
1100 1851 1236 1914 hominis
1266 1851 1367 1914 libero

339 1956 491 2018 exsistere
508 1953 647 2016 arbitrio.
686 1953 786 2016 Juxta
801 1953 887 2016 illam
903 1959 1010 2017 autem
1027 1955 1218 2018 sententiam
1234 1956 1366 2018 alteram
1464 2035 1468 2041 .

339 2057 423 2142 apud
464 2057 631 2121 Platonem
671 2055 850 2120 invenimus
889 2055 1066 2120 doctrinam
1110 2058 1231 2121 malum
1267 2057 1367 2120 invito

338 2160 464 2224 homine
493 2181 533 2223 ex
557 2160 631 2222 boni
653 2160 821 2224 inscientia
849 2160 913 2222 sive
949 2152 1011 2234 ,διὰ
1042 2152 1188 2242 πονηρὰν
1220 2154 1283 2230 ἕξιν
1315 2160 1368 2219 καὶ

220 2263 226 2309 -’
337 2257 532 2323 ἀπαίδευτον
554 2259 687 2342 τροφήν(
718 2261 872 2344 originem
901 2261 1028 2326 habere.
1074 2261 1124 2326 Ol.
1155 2262 1238 2327 Tim.
1268 2261 1366 2327 86D:

337 2359 444 2446 ,κακός
466 2413 502 2430 ..
533 2355 614 2424 ἐπιόν
643 2356 754 2432 olous.
792 2356 846 2425 διὰ
880 2363 924 2424 δέ
960 2357 1148 2447 πονηρὰν
1180 2359 1267 2439 ἕξιν
1299 2366 1366 2425 καὶ

337 2463 596 2530 ἀπαίδευτον
624 2460 788 2550 τροφὴν
817 2462 945 2536 ἕιιαστος
967 2469 1101 2546 γίγνεται
1129 2460 1234 2546 κακός,
1269 2467 1367 2530 παντὶ

337 2569 374 2633 δέ
398 2572 494 2633 ταῦτα
518 2562 622 2650 ἐχθρὰ
645 2572 696 2632 καὶ
718 2564 825 2631 ἄκοντι
847 2572 1091 2648 προσγίγνεταό.
1121 2572 1250 2656 Protag.
1266 2573 1364 2636 345ss

242 2705 247 2712 ¹
337 2697 402 2759 seq.
439 2676 557 2738 malum
590 2674 717 2738 homine
749 2675 847 2740 invito
885 2697 925 2738 ex
968 2675 1135 2740 inscientia
1174 2671 1366 2758 (ἐπιστήμης

337 2778 546 2860 στερηθῆναι)
575 2777 648 2841 oriri
679 2777 764 2842 dioit.
810 2777 859 2842 Ol.
883 2779 962 2861 Leg.
991 2778 1049 2860 IX,
1077 2779 1174 2844 8600
1199 2817 1237 2824 —
1261 2779 1368 2843 Zeller

336 2881 381 2963 ΙΙ,
407 2883 420 2944 1
447 2902 477 2966 p.
503 2884 563 2945 720
587 2881 664 2946 alias
687 2887 854 2965 praeterea
876 2881 971 2944 affert
993 2882 1088 2945 loeus.

422 2983 512 3058 Quae
536 2983 617 3047 duae
634 2983 811 3048 sententiae
828 2984 921 3046 simul
938 2983 1022 3068 apud
1037 2983 1205 3049 Platonem
1227 2989 1366 3066 exstant,

266 3067 270 3082 ⁸
336 3108 439 3170 neque
462 3087 512 3150 hio
535 3087 622 3149 loeus
657 3094 715 3168 est,
746 3108 809 3172 quo
839 3107 894 3149 eas
926 3086 1166 3168 coniungamus.
1210 3086 1365 3152 Attamen

335 3190 450 3254 Ritteri
476 3191 520 3266 (in
544 3198 714 3256 comment.
738 3192 779 3254 ad
802 3191 885 3254 Plat.
909 3191 989 3273 Leg.
1012 3211 1083 3275 pag.
1108 3193 1182 3265 275)
1208 3191 1365 3256 rationem

336 3294 450 3356 falsam
473 3314 543 3357 esse
567 3300 653 3376 puto,
677 3295 729 3376 qui
746 3294 915 3357 Platonem
938 3313 1074 3357 senem
1090 3294 1273 3357 existimare
1288 3293 1367 3357 dieit

336 3417 399 3459 non
429 3417 471 3460 ex
500 3396 599 3460 libero
634 3395 770 3459 hominis
805 3396 934 3459 arbitrio
968 3396 1121 3460 exsistere
1155 3397 1274 3460 malum
1308 3396 1365 3459 sed

335 3497 434 3560 inrito
464 3519 511 3561 eu.
557 3496 715 3581 Equidem
746 3497 816 3560 illas
847 3498 926 3561 duas
956 3499 1141 3580 sententias,
1171 3519 1365 3582 quamquam

336 3600 513 3663 contrariae
538 3621 608 3663 esse
631 3599 787 3681 videntur,
812 3606 919 3662 tamen
935 3599 1174 3682 coniungendas
1190 3623 1260 3664 esse
1276 3606 1365 3685 puto.

335 3703 387 3765 Ex
410 3702 469 3766 deo
493 3703 578 3766 enim
601 3704 722 3766 malum
745 3725 809 3765 non
832 3703 905 3766 oriri
929 3702 985 3766 sed
1016 3725 1057 3766 ex
1088 3704 1224 3767 hominis
1254 3703 1365 3766 volun·

336 3812 400 3868 tate
425 3805 592 3869 Platonem
615 3806 815 3893 existimasse
839 3807 915 3870 satis
939 3808 1141 3892 perspicuum
1164 3815 1222 3871 est.
1268 3806 1363 3879 Quod

335 3907 471 3970 hominis
505 3907 669 3970 arbitrium
709 3908 843 3972 liberum
884 3905 1098 3985 (ἀδέσποτον)
1138 3908 1267 3992 quidem
1303 3917 1364 3991 est,

336 4007 391 4072 sed
415 4009 581 4072 insolentia
604 4015 636 4073 et
659 4009 835 4073 eruditione
859 4012 945 4074 mala
967 4012 1012 4074 ita
1034 4010 1121 4076 alfini
1151 4017 1246 4095 atque
1277 4033 1363 4074 eom·

335 4111 454 4174 moveri
477 4117 590 4196 potest,
614 4118 649 4174 ut
671 4112 816 4175 homines
838 4113 881 4194 id,
903 4113 988 4197 quod
1010 4114 1129 4178 malum
1156 4120 1214 4197 est,
1238 4113 1359 4177 bonum

335 4235 404 4278 esse
427 4220 549 4297 putent,
573 4221 605 4278 et
623 4215 659 4279 id
675 4215 795 4278 malum
811 4237 891 4299 esse,
914 4217 998 4300 quod
1014 4217 1132 4280 bonum
1148 4223 1206 4281 est.
1245 4216 1358 4280 Homi-

337 4336 396 4379 nes
422 4323 528 4380 antem
551 4317 629 4380 nihil
652 4318 712 4382 nisi
735 4319 854 4382 bonum
876 4325 1040 4403 appetunt.
