3042 5084
134 709 211 788 περὶ
259 703 320 788 τὴν
368 703 623 791 ἐπιστημονικὴν
664 707 715 768 καὶ
765 703 968 791 θεωρητικὴν
1023 701 1166 782 διάνοιαν

135 813 303 876 efficacem
339 833 410 876 esse
439 812 589 895 animam,
621 811 677 874 sod
707 812 825 874 multos
856 811 952 874 etiam
985 810 1167 896 cupiditatis

137 921 170 979 et
192 915 258 979 irae
281 921 386 978 motus
409 915 442 977 in
466 914 534 978 eius
557 921 671 978 natura
701 915 798 979 cerni.
842 913 888 977 At
916 913 1000 977 hanc
1021 913 1167 977 Platonis

139 1017 267 1082 animae
302 1017 489 1082 facultatum
520 1018 707 1082 divisionem
739 1037 803 1080 non
833 1017 1017 1101 simpliciter
1046 1017 1167 1101 recipit,

142 1120 200 1186 sed
224 1143 265 1185 ex
287 1120 346 1185 hac
370 1121 531 1196 sententia
548 1121 581 1184 id
604 1121 706 1184 solum
729 1120 972 1205 approbandum
995 1141 1065 1184 esse
1081 1119 1166 1203 dicit,

138 1224 363 1309 quodcumque
387 1247 459 1288 oum
483 1223 638 1309 scriptura
661 1225 845 1290 conveniat:
873 1224 949 1289 490
973 1223 1008 1289 8:
1042 1217 1168 1305 ,οὐκοῦν

138 1333 295 1408 παρέντες
316 1321 353 1390 τὸ
378 1322 588 1398 Πλατωνικὸν
610 1317 696 1408 ἅρμα
717 1326 770 1390 καὶ
790 1322 849 1412 τὴν
863 1320 1168 1409 ὕπεζευγμένην

138 1421 1167 1514 οὐτῴξυυωρίδατῶυπωλωνούχὁμοίωςτοῖςὸρμαῖς

137 1531 243 1612 πρὸς
286 1527 487 1617 ἀλλήλους
510 1529 713 1610 ,ἐχόντων
749 1533 801 1594 καὶ
836 1527 897 1594 -ιὸν
934 1526 1016 1611 ense
1048 1529 1169 1594 τούτων

137 1629 326 1724 ἡνίοχον,
348 1629 390 1699 δι’
414 1621 633 1699 deducatur
655 1633 695 1698 τὰ
723 1633 854 1698 τοιαῦτα
883 1638 959 1716 περὶ
988 1633 1092 1718 ψυχῆς
1117 1656 1168 1717 ιμ-

136 1739 276 1821 λοσοᾳεῑ
294 1733 338 1802 δι’
360 1736 561 1818 αἰνίγματος(

13 1882 19 1901 ι
233 1843 356 1918 Quibus
380 1864 451 1907 cum
474 1842 578 1907 verbis
602 1843 816 1927 comparanda
844 1849 918 1906 sunt
947 1843 1000 1906 illa
1029 1841 1167 1906 Phaedri

17 1955 19 1999 i
69 1945 71 1948 ’
140 1946 304 2026 246BJO:
334 1941 472 2022 ,ἐοικέτω
495 1937 611 2028 (ψυχὴ)
633 1939 673 2027 di,
696 1943 854 2028 συμφὲτῳ
869 1942 1006 2023 δυνάμει
1025 1938 1165 2006 ὑποπτέ-

139 2071 196 2130 ρου
219 2045 380 2128 ζεύγους
402 2068 438 2111 τε
459 2048 511 2110 καὶ
533 2041 663 2130 ἡνιόχου
680 2099 687 2114 .
704 2100 711 2115 .
729 2098 736 2115 .
752 2048 804 2110 καὶ
823 2046 1028 2128 πρῶτονμὲν
1042 2041 1164 2131 ἦμῶνὸ

139 2147 247 2233 ἅρχων
277 2151 508 2232 συνωρίδος
531 2143 661 2236 intexet,
684 2142 753 2215 εἶτα
781 2150 858 2214 τῶν
886 2148 1040 2228 ἵππων,
1070 2144 1165 2228 ὁμὲν

140 2249 225 2340 αὐτῷ
263 2251 381 2325 καλός
416 2275 459 2318 τε
492 2255 558 2318 καὶ
593 2248 748 2334 ἀγαθὸς
774 2253 829 2317 καὶ
855 2249 890 2316 ἐκ
918 2249 1165 2317 τοιούτων...

140 2353 159 2420 o‘
181 2354 485 2431 δ’ἐξὲνοντίων
507 2357 615 2420 τεκαὶ
637 2353 780 2426 ἐναντίος
803 2405 810 2422 .
834 2408 842 2424 .
866 2406 873 2421 .

225 2462 277 2526 Ex
310 2461 467 2546 scriptura
499 2461 597 2546 igitur
628 2482 718 2524 saera
755 2457 958 2545 proficiscens
994 2459 1165 2542 Gregorius

138 2569 219 2631 iram
243 2573 276 2630 et
298 2565 504 2649 cupiditatem
527 2569 618 2629 extra
645 2565 771 2628 animae
798 2570 926 2628 nostrae
955 2584 1025 2628 esse
1055 2562 1165 2626 defini·

140 2671 259 2734 tionem
283 2667 443 2733 concludit
465 2705 504 2712 —
528 2689 604 2731 nam
627 2687 699 2732 oum
722 2668 829 2751 imago
852 2667 894 2731 sit
915 2666 977 2749 dei,
1000 2686 1103 2749 neque
1118 2664 1166 2728 ira

139 2793 243 2857 neque
267 2771 382 2856 cupido
405 2771 435 2835 ei
458 2770 553 2834 tribui
575 2777 690 2855 potest.

225 2873 388 2938 Discernit
410 2873 506 2956 igitur
530 2873 701 2958 Gregorius
731 2880 840 2959 aperte
868 2880 1009 2937 mentem
1039 2873 1166 2935 immor·

140 2979 248 3060 talem,
277 2998 359 3061 quae
384 2976 505 3039 homini
529 2977 587 3040 soli
609 2977 767 3059 convenit,
798 2976 839 3040 ab
862 2975 1019 3040 iratiouali
1040 2975 1166 3038 animae

140 3087 242 3164 parte,
272 3100 353 3163 quae
376 3078 518 3142 mortalis
542 3084 574 3143 et
596 3079 794 3144 extrinsecus
822 3078 913 3142 nobis
942 3076 1181 3161 superinducta·

140 3189 236 3266 atque
260 3181 369 3244 addita
391 3187 440 3245 est
464 3183 515 3258 (61
530 3181 558 3244 Β
576 3185 594 3246 6
617 3187 650 3244 et
672 3182 753 3246 49Β
770 3185 789 3246 6
812 3200 884 3245 eam
903 3179 1059 3264 posterius
1074 3178 1166 3242 nobis

140 3285 313 3349 accessisse
332 3283 459 3361 dicit).¹)

227 3386 393 3469 Attamen,
416 3407 610 3470 quamquam
632 3386 777 3450 Platonis
800 3386 839 3450 de
869 3385 995 3449 animae
1024 3383 1167 3468 partibus

141 3488 317 3554 sententias
340 3488 385 3551 ita
407 3488 542 3571 probare
565 3510 629 3552 non
659 3489 736 3572 vult,
766 3489 799 3551 in
828 3488 1041 3572 disputatione
1070 3506 1167 3569 quam

141 3591 258 3656 deinde
280 3590 418 3654 instituit
440 3589 480 3654 de
503 3591 689 3674 rationibus,
712 3612 794 3676 quae
818 3597 892 3655 sunt
919 3591 1003 3654 inter
1030 3589 1167 3653 hominis

141 3696 282 3760 animam
317 3693 448 3776 eiusque
478 3701 585 3777 portes
617 3695 825 3777 irrationales,
854 3693 997 3758 Platonis
1027 3691 1169 3775 sequitur

141 3798 302 3864 doctrinas
325 3817 442 3879 easque
465 3797 526 3861 sibi
548 3796 697 3862 vindicat.

230 4043 252 4110 ¹)
271 4040 361 4095 Simili
387 4042 441 4094 etsi
466 4040 609 4095 contrario
636 4039 717 4093 modo
743 4039 913 4093 Aristoteles
938 4044 1020 4109 putat
1046 4044 1167 4092 mentem

140 4127 222 4198 (νοῦν
241 4159 273 4166 -
294 4145 375 4198 quem
388 4128 474 4198 Nyss.
491 4127 588 4197 ψυχήν
606 4128 742 4197 appellat)
761 4126 946 4181 immortalem
960 4144 1021 4179 esse
1034 4133 1062 4180 et
1080 4123 1167 4202 θύρα-

141 4215 190 4268 θεν
208 4215 237 4268 in
250 4213 391 4268 hominem
404 4215 529 4282 venisae;
549 4215 671 4268 animam
684 4231 750 4270 vero
769 4212 886 4284 (ψυχὴν,
904 4231 988 4284 quam
1000 4215 1085 4281 Nysa.
1097 4214 1167 4266 iram

143 4301 273 4355 nominat
292 4307 319 4355 et
342 4301 506 4372 cupidinea)
525 4301 664 4376 humanae
683 4301 794 4354 animae
812 4305 930 4355 naturae
949 4301 1108 4357 convenire.
