3042 5084
825 517 1035 580 „13-

414 687 460 751 ita
493 686 589 749 etiam
623 685 762 750 humana
796 692 910 749 natura
932 707 996 748 una
1023 692 1148 748 tantum
1176 692 1235 767 est,
1265 686 1445 769 composita

415 809 490 854 vero
514 809 555 854 ex
581 788 796 873 compluribus
811 809 851 852 ne
868 789 972 852 dicam
987 788 1270 852 innumerabilibus
1285 788 1446 872 personis.

414 891 563 976 Exempli
593 891 696 974 gratia
718 891 850 956 Petrum
881 899 914 954 ct
936 891 1073 954 Paulum
1102 898 1135 954 et
1163 890 1346 954 Barnabam
1380 896 1446 953 tres

314 999 317 1004 '
415 994 559 1058 homines
590 995 656 1058 sivo
685 983 837 1078 personas
867 994 1000 1058 dicimus
1031 1031 1070 1040 —-
1100 1015 1164 1058 una
1194 1001 1302 1058 tamen
1329 1014 1446 1057 eorum

414 1103 463 1159 est
486 1097 608 1181 species
630 1097 681 1160 vel
704 1096 809 1180 potius
832 1098 980 1160 essentia.
1025 1096 1149 1160 Eodem
1171 1095 1276 1178 modo,
1298 1117 1361 1180 quo
1378 1118 1446 1158 unsa

416 1198 467 1263 dei
491 1221 548 1264 seu
571 1200 707 1264 hominis
730 1201 871 1264 essentia
893 1193 1014 1278 (οὐσία)
1037 1201 1104 1263 sive
1126 1200 1199 1264 idea
1221 1199 1262 1262 ad
1288 1220 1446 1284 personas

345 1316 347 1320 '
415 1303 555 1386 singulas
578 1304 796 1385 (substantias,
819 1297 1025 1380 tuomum)
1048 1303 1204 1385 sehabet,
1227 1302 1340 1366 codem
1356 1325 1447 1366 conr·

300 1421 303 1430 ’
414 1427 509 1469 mune
534 1393 729 1486 (rixosum)
758 1406 800 1469 ad
829 1406 989 1490 proprium
1014 1402 1196 1484 (τὸἴδιον).
1241 1405 1368 1469 Nomen
1393 1405 1446 1468 dei

414 1508 491 1572 illud
514 1503 622 1570 κοινόν
652 1514 710 1590 est,
739 1509 829 1572 cuius
859 1514 923 1572 tres
960 1529 1115 1592 personae
1152 1514 1226 1570 sunt
1245 1507 1446 1591 participes.

413 1611 481 1674 Nec
504 1612 598 1674 aliter
618 1611 691 1674 idea
719 1611 857 1674 hominis
885 1613 1098 1674 communiter
1126 1611 1246 1674 dictum
1276 1618 1335 1692 est,
1366 1632 1446 1673 nam

414 1714 501 1777 omni
530 1714 689 1778 humanae
720 1721 854 1778 naturae
884 1714 1028 1798 obtingit.
1074 1714 1196 1797 Singuli
1226 1713 1370 1776 homiues
1412 1724 1445 1775 et

414 1818 538 1881 trinitas
564 1817 642 1881 illud
665 1814 767 1890 ,idcou'
790 1826 873 1882 suut.
917 1818 1055 1882 Basilius
1077 1818 1190 1882 eodem
1221 1816 1316 1879 modo
1352 1816 1446 1878 trini·

417 1927 515 1984 tatem
554 1921 736 1985 notionibus
778 1920 1000 1985 communibus
1041 1921 1193 2005 explanat
1227 1920 1260 1982 in
1305 1919 1445 2003 epistula

414 2023 660 2109 ad,Nysscnum
693 2022 768 2088 data
803 2026 865 2108 (ep.
900 2027 958 2107 383
992 2023 1050 2106 IV,
1063 2026 1126 2088 325
1150 2024 1241 2107 seq.).
1283 2014 1377 2083 orinia
1414 2029 1446 2084 et

415 2127 557 2211 singulae
580 2121 774 2198 ὑποστάσεις
803 2135 931 2192 strenue
963 2128 1047 2191 inter
1075 2150 1110 2191 se
1140 2132 1352 2211 opponuntur,
1383 2147 1445 2188 nec

415 2231 521 2294 minus
551 2230 688 2294 hominis
719 2231 774 2294 illa
802 2232 902 2294 utitur
934 2231 1083 2314 imagine.
1143 2231 1207 2305 (Of.
1237 2230 1333 2293 etiam
1362 2229 1445 2291 Nau.

414 2334 567 2417 II,153B
591 2336 669 2419 seq.)

503 2438 574 2513 Qua
597 2439 629 2501 in
652 2439 941 2523 argumentatione,
957 2459 1020 2523 qua
1042 2459 1124 2501 unus
1141 2437 1220 2502 deus
1235 2437 1329 2502 simul
1344 2437 1445 2500 etiam

418 2543 581 2606 extribus
609 2549 754 2606 constare
781 2563 874 2626 posse
901 2542 1045 2626 personis
1067 2542 1312 2624 demonstratur,
1324 2540 1445 2625 Nysae-

414 2667 491 2709 num
515 2652 549 2709 et
570 2646 725 2710 Basilium
742 2646 885 2710 Platonis
909 2647 1075 2709 sententiis
1097 2667 1179 2731 quae
1203 2652 1277 2708 sunt
1299 2644 1340 2708 de
1362 2644 1446 2708 ideis

382 2772 387 2779 ·
414 2769 488 2812 usos
512 2770 582 2814 csse
606 2771 683 2814 sane
706 2756 840 2834 apparet
864 2749 915 2825 (cf.
938 2749 1291 2834 Rupp.l.c.png.155
1314 2749 1443 2832 seq.).¹)

502 2853 643 2916 Maxime
665 2853 699 2916 in
721 2852 924 2934 Parmenios,
952 2853 1101 2936 Sophiste
1132 2853 1244 2928 (24413
1260 2889 1299 2896 -
1317 2852 1379 2914 245
1388 2851 1443 2930 Ε),

419 2955 553 3020 Philebo
577 2956 670 3020 Plato
693 2956 843 3041 exposuit
864 2975 968 3038 neque
990 2976 1089 3018 unum
1113 2956 1181 3019 sine
1203 2955 1311 3018 multis
1339 2974 1445 3038 nequo

419 3059 520 3122 multa
544 3059 611 3122 sine
640 3080 703 3123 uno
734 3058 872 3143 quodam
904 3079 974 3122 esse
1003 3077 1107 3142 possa.
1150 3057 1190 3120 lu
1217 3056 1322 3121 verbis
1358 3057 1445 3118 enim

420 3183 528 3245 ,unum
545 3159 603 3226 est‘
619 3162 683 3225 iam
695 3163 801 3226 inesse
813 3183 922 3245 ,unum
933 3181 997 3224 non
1013 3167 1071 3244 est,
1087 3160 1144 3224 sed
1154 3161 1255 3224 multa
1266 3154 1445 3245 quaedam‘.

419 3265 450 3328 N
452 3286 502 3327 am
526 3265 558 3327 in
581 3265 686 3329 verbis
710 3286 820 3348 ,unum
836 3261 895 3327 est‘
917 3265 982 3326 iam
998 3263 1060 3326 duo
1076 3262 1115 3325 de
1131 3283 1195 3326 uno
1210 3263 1295 3327 dicta
1309 3283 1399 3328 esse:
1416 3271 1446 3326 et

419 3369 574 3432 unitatem
598 3374 630 3432 et
653 3369 836 3433 essentiam.
872 3368 1045 3431 Praeterea
1060 3367 1157 3430 etiam
1173 3368 1327 3430 unitatem
1343 3372 1445 3429 totum

418 3471 569 3556 quiddam
592 3493 673 3555 esse,
703 3477 859 3534 ettotam
888 3468 1040 3555 quiddam
1070 3492 1110 3534 ex
1140 3471 1271 3554 singulis
1299 3475 1444 3533 constare

417 3574 534 3638 debere
569 3575 721 3658 partibus.
757 3610 796 3618 -
826 3574 950 3637 Rursus
983 3573 1085 3636 multa
1117 3573 1186 3636 sine
1218 3573 1341 3638 unitate
1373 3594 1444 3636 csse

417 3698 481 3740 non
504 3698 598 3762 posse
624 3675 743 3753 (Parm.
763 3677 884 3760 13513),
907 3698 982 3740 nam
1006 3677 1032 3740 si
1055 3677 1125 3761 quis
1148 3697 1212 3739 non
1235 3676 1445 3740 concessisset

510 3864 531 3930 ¹)
550 3861 726 3917 Athanasius
746 3862 861 3915 deitatis
880 3859 984 3916 οὐσίαν
1002 3867 1031 3915 et
1048 3862 1177 3933 singulas
1195 3862 1365 3932 hypostases
1378 3879 1443 3916 non·

417 3948 483 4001 dum
504 3949 578 4002 inter
608 3966 638 4002 se
669 3955 849 4019 opposuerat.
886 3949 939 4002 Illa
958 3949 1082 4016 Nyssoni
1105 3949 1350 4019 argumentatione
1376 3949 1444 4002 nihil

418 4035 453 4088 de
473 4035 602 4089 trinitate
620 4035 773 4105 probatum
793 4053 857 4089 nam
875 4054 965 4106 genus
984 4037 1029 4092 vel
1048 4034 1134 4090 οὐσία
1152 4037 1215 4106 ipsa
1233 4053 1290 4090 non
1308 4037 1444 4100 consistit,

417 4122 467 4176 sad
496 4124 526 4176 in
556 4123 677 4192 singulis
709 4123 842 4176 cernitur.
894 4123 948 4191 (Of.
980 4139 1021 4190 aa,
1049 4140 1122 4193 quac
1148 4122 1319 4178 Aristoteles
1347 4129 1443 4176 contra

418 4209 545 4264 Platonis
565 4209 653 4263 affert
672 4209 706 4262 de
725 4209 797 4263 ideis
816 4210 961 4263 doctrinas
983 4242 1012 4247 *
1033 4211 1123 4263 Zeller
1148 4210 1234 4278 11‚2³
1259 4229 1285 4279 p.
1311 4209 1363 4262 298
1389 4227 1443 4278 seq.

417 4314 483 4368 pag.
503 4298 555 4350 306
574 4314 632 4367 seq.
