3042 5084
500 559 689 620 -.5-

171 727 258 790 Fuit*
291 727 387 810 igitur
430 727 509 792 haec
553 728 790 793 Platonicorum
841 727 948 811 opinio
988 765 1027 772 —
1069 728 1109 790 cl.
1198 740 1200 743 ’

85 831 167 894 Plot.
191 830 328 894 Ennead
349 831 407 913 IV,
431 833 520 914 3,12:
546 882 553 896 .
577 879 584 894 .
609 821 647 891 τό
670 831 767 892 πᾶν.
793 881 800 896 .
822 819 901 890 κατὰ
922 822 1037 907 λόγους
1059 821 1111 890 ἀεὶ

83 929 255 1014 ἑστηκότας
295 927 330 993 ἐν
372 929 501 1012 χρόνοις
544 928 779 1011 περαινόμενον
824 931 877 994 καὶ
915 927 993 994 κατὰ
1032 927 1111 1015 χρό-

84 1055 160 1104 νους
182 1025 231 1097 ἀεὶ
251 1032 295 1104 εἰς
309 1031 347 1097 τὸ
365 1027 445 1098 αὐτὸ
469 1032 707 1116 καθιστάμενον
722 1031 758 1098 ἐν
771 1035 900 1116 μέτροις
921 1037 1000 1116 βίον
1015 1029 1111 1117 (ὄρος-

83 1142 190 1217 μένων
213 1186 219 1201 .
245 1186 253 1202 .
278 1189 284 1202 .
308 1134 429 1203 τούτων
456 1139 493 1202 δὲ
514 1144 755 1219 περαινομένων
778 1192 784 1205 .
810 1192 816 1205 .
842 1191 849 1206 .
880 1135 915 1202 ἔν
948 1159 984 1202 τε
1006 1133 1111 1201 καθό-

83 1240 151 1310 όοις
167 1240 282 1324 ψυχῶν
296 1241 349 1304 καὶ
364 1237 492 1312 ἀνόδοις
514 1242 565 1304 καὶ
580 1239 625 1312 εἰς
646 1238 685 1304 τὰ
707 1237 787 1305 ἄλλα
809 1240 981 1322 σόμπανια
1003 1247 1045 1308 ..‘
1070 1243 1110 1307 of.

84 1347 181 1408 etiam
204 1345 262 1428 IV,
286 1347 336 1429 4‚a
360 1351 420 1411 ctc.

127 1516 130 1521 ,
171 1448 236 1514 Sed
260 1455 463 1533 sumpserunt
477 1449 634 1514 Platonici
656 1451 739 1515 hanc
762 1451 953 1514 sententiam
975 1472 1016 1515 ex
1038 1450 1111 1513 Pla-

84 1557 169 1635 tone,
192 1553 246 1635 qui
270 1572 380 1616 omnes
403 1552 525 1616 animas
542 1552 636 1618 adeo
659 1554 692 1617 in
708 1554 862 1638 principio
878 1553 973 1617 simul
988 1558 1112 1618 creatas

84 1674 154 1718 esse
178 1655 374 1738 putabat-
398 1639 438 1718 cl.
462 1654 544 1719 Tim.
568 1655 663 1720 41]).
699 1691 738 1700 -
772 1655 863 1720 Idem
893 1656 1017 1719 animas
1047 1676 1111 1718 una

84 1777 156 1819 cum
181 1756 249 1820 deis
274 1756 420 1820 circuitos
443 1756 598 1840 quosdam
621 1758 726 1821 iacere
749 1757 881 1841 exponit
909 1758 942 1820 in
965 1757 1111 1820 Phaedro

83 1859 158 1922 inde
191 1879 304 1942 apag.
328 1860 401 1923 246.
433 1897 472 1904 —-
503 1862 565 1924 246
581 1860 625 1924 B:
657 1857 793 1937 ,aovsc‘‚
823 1860 935 1943 inquit,
965 1849 1113 1941 ,οὐρανόν

83 1959 265 2042 περιπολεῖ,
297 1952 403 2022 ἄλλοτ’
433 1955 469 2022 ἐν
498 1955 602 2031 ἄλλοις
639 1958 740 2024 εἴδεσι
769 1964 935 2043 γιγνομένη
976 1957 1112 2044 (ψυχήό.

84 2063 155 2126 Tali
186 2063 219 2126 in
253 2062 386 2126 circuitu
420 2063 501 2126 aliae
536 2064 661 2128 animae
694 2065 860 2129 veritatem
894 2071 927 2129 et
959 2065 1112 2127 iustitiam

83 2165 160 2248 quin
184 2166 270 2248 ipsos
293 2165 370 2229 deos
394 2167 536 2250 aspicere
559 2172 693 2250 possunt
716 2218 722 2232 .
746 2217 755 2232 .
780 2218 787 2232 .
819 2161 887 2244 ,ἕως
907 2157 948 2228 ἄν
970 2161 1070 2248 κόκλη
1094 2157 1114 2248 ή

82 2259 245 2350 περιφορὰ
269 2263 314 2336 εἰς
337 2259 453 2330 ταύτόν
475 2266 672 2354 περιενέγκη*
699 2271 831 2347 (altu)
857 2309 895 2316 -
927 2269 1008 2334 aliae
1036 2290 1111 2334 vero

83 2394 123 2436 ex
148 2372 282 2435 circuitu
307 2378 436 2456 propter
457 2378 589 2457 peccata
612 2374 740 2458 elapsae
763 2395 863 2458 usque
884 2374 925 2438 ad
940 2373 1038 2438 alium
1055 2373 1113 2436 cir·
1151 2370 1153 2374 ’

88 2475 207 2540 cuitum
238 2511 277 2520 -
307 2474 401 2552 μέχρι
430 2476 486 2558 τής
514 2471 623 2554 ἑτέρας
654 2471 812 2556 περιόδου
842 2514 882 2521 -
913 2477 945 2539 in
981 2496 1114 2561 corpora

88 2583 255 2640 transeunt
291 2598 473 2662 poenasque
511 2579 647 2644 solvunt.
706 2579 759 2644 Ad
796 2579 878 2643 hanc
922 2580 1113 2643 sententiam

86 2681 180 2744 Plato
203 2681 299 2744 etiam
322 2680 435 2744 alludit
461 2681 493 2744 in
515 2679 650 2745 Politico
684 2685 746 2746 272
767 2665 861 2761 DIE:
897 2676 1051 2764 ,ε’πειδή.
1076 2729 1083 2746 .
1106 2734 1113 2748 .

87 2779 220 2843 πάντων
252 2833 258 2848 .
284 2829 290 2845 .
318 2833 324 2848 .
354 2779 470 2864 χρόνος
492 2775 653 2867 ἐτελεώθη
676 2781 727 2845 καὶ
748 2776 929 2866 μεταβολήν
957 2779 1023 2845 ἔδει
1055 2787 1113 2863 γίγ-
1205 2848 1206 2852 ,

85 2887 204 2948 νεσθαι
232 2885 285 2947 καὶ
312 2881 352 2968 δή
380 2886 432 2952 καὶ
460 2878 499 2948 τό
527 2885 634 2969 γήινον
657 2881 721 2971 ήδη
750 2887 816 2948 πᾶν
844 2882 989 2969 ἀνήλωτο
1017 2891 1114 2966 γένος,

85 2984 190 3059 πάσας
222 2985 354 3072 ἑκάστης
386 2988 442 3072 τής
475 2990 580 3072 ψυχῆς
611 2986 666 3059 τὰς
695 2997 831 3069 γενέσεις
861 2981 1111 3071 όποόεδιοκυιάς,

85 3086 150 3156 ὅσα
172 3082 212 3174 ήν
234 3089 351 3178 ἑκάστη
378 3096 587 3175 προσταχθέν
613 3145 619 3160 .
645 3145 652 3161 .
678 3144 685 3158 .
710 3143 717 3158 .
742 3091 818 3156 τότε
839 3086 880 3173 δή
904 3094 961 3156 τοῦ
990 3091 1112 3163 παντὸς

85 3189 103 3258 ὁ
126 3248 133 3262 .
159 3249 165 3261 .
189 3193 384 3279 κυβερνήτης
408 3245 489 3263 ...,
512 3195 557 3266 εἰς
580 3192 641 3280 τήν
662 3192 760 3259 αὑτοῦ
782 3190 951 3280 περιωπήν
976 3190 1112 3281 α’πέσιη,
1207 3230 1211 3237 ·

84 3295 142 3360 τὸν
160 3296 197 3360 δὲ
219 3295 259 3382 δή
281 3297 405 3378 κόσμον
426 3297 524 3362 πόλιν
539 3295 733 3380 ἀνέστρεψεν
749 3298 924 3383 εἱμαρμένη
941 3350 947 3363 .
965 3350 972 3364 .
989 3302 1007 3362 .‘
1041 3301 1113 3374 Qua

84 3422 209 3486 quoquc
233 3403 265 3465 in
294 3401 508 3487 disputatione
532 3405 634 3470 269E
657 3403 752 3468 Plato
774 3404 871 3468 verbo
893 3403 1002 3485 utitur,
1028 3404 1112 3487 quod

83 3511 133 3569 est
155 3496 465 3588 ,dvcao'alrpoos‘.

170 3609 261 3682 Quae
285 3630 358 3673 cum
380 3610 426 3674 ita
456 3611 529 3694 sint,
559 3631 654 3674 nemo
684 3609 844 3674 affirmare
874 3616 980 3694 potest
1007 3611 1113 3675 uerbis

81 3713 143 3776 illis
178 3703 266 3792 ,κατὰ
298 3705 357 3794 τήν
379 3705 565 3796 Ἑλληνικήν
600 3703 897 3775 οἷνακόκήιοσινι
932 3714 1114 3778 Platonicos

82 3815 276 3900 significatos
307 3837 387 3898 esse,
417 3837 610 3901 quamquam
639 3817 811 3880 verisimile
842 3824 892 3880 est
922 3818 1110 3900 Gregorium

79 3939 145 3982 non
160 3919 323 4002 ignorasse
335 3918 572 3984 Platonicomm
588 3920 685 3984 etiam
701 3920 783 3983 hanc
795 3921 893 3983 fuisse
906 3919 1108 3984 sententiam.

165 4020 291 4084 Eodem
314 4022 409 4086 modo
432 4022 576 4086 Platonis
608 4023 702 4086 simul
731 4029 764 4086 et
786 4022 1026 4086 Platonicorum
1058 4023 1114 4085 ali·

30 4157 32 4162 v
80 4143 234 4208 orumque
257 4123 515 4209 philosophorum
539 4131 587 4188 est
609 4124 762 4208 doctrina,
785 4147 881 4209 quam
903 4125 955 4188 HI
973 4125 1117 4190 184134‘

77 4227 302 4292 Nazianzenus
323 4229 463 4313 exponit.
509 4230 580 4303 Quo
605 4231 691 4294 enim
714 4231 803 4294 loco:
830 4225 989 4313 ,θεότης·,
1012 4229 1114 4313 inquit

79 4376 87 4404 ,
93 4322 177 4410 μετὰ
193 4326 312 4416 σαρκός
325 4328 426 4416 μόνης
444 4323 500 4394 cix
516 4327 699 4415 ἅνθρωπος,
710 4323 778 4396 ἀλλ’
794 4325 869 4395 οὐδὲ
883 4332 989 4416 ψυχῆς
1002 4330 1113 4413 μόνης,
