<?xml version="1.0" encoding="UTF-8"?>
<!DOCTYPE html PUBLIC "-//W3C//DTD XHTML 1.0 Transitional//EN"
    "http://www.w3.org/TR/xhtml1/DTD/xhtml1-transitional.dtd">
<html xmlns="http://www.w3.org/1999/xhtml" xml:lang="en" lang="en">
 <head>
  <title>
</title>
<meta http-equiv="Content-Type" content="text/html;charset=utf-8" />
  <meta name='ocr-system' content='tesseract 3.04.00' />
  <meta name='ocr-capabilities' content='ocr_page ocr_carea ocr_par ocr_line ocrx_word'/>
</head>
<body>
  <div class='ocr_page' id='page_1' title='image "./debasiliogregor00grongoog_0058.png"; bbox 0 0 3042 5084; ppageno 0'>
   <div class='ocr_carea' id='block_1_1' title="bbox 774 527 983 589">
    <p class='ocr_par' dir='ltr' id='par_1_1' title="bbox 774 527 983 589">
     <span class='ocr_line' id='line_1_1' title="bbox 774 527 983 589; baseline 0 -19"><span class='ocrx_word' id='word_1_1' title='bbox 774 527 983 589; x_wconf 70' lang='lat'><strong><em>„42-</em></strong></span> 
     </span>
    </p>
   </div>
   <div class='ocr_carea' id='block_1_2' title="bbox 355 681 1396 4076">
    <p class='ocr_par' dir='ltr' id='par_1_2' title="bbox 355 681 1396 879">
     <span class='ocr_line' id='line_1_2' title="bbox 361 681 1396 775; baseline 0 -21"><span class='ocrx_word' id='word_1_2' title='bbox 361 685 401 755; x_wconf 79' lang='lat' dir='ltr'>dv</span> <span class='ocrx_word' id='word_1_3' title='bbox 422 692 545 770; x_wconf 75' lang='grc' dir='ltr'><strong><em>λέγοιτο</em></strong></span> <span class='ocrx_word' id='word_1_4' title='bbox 568 687 603 754; x_wconf 79' lang='grc' dir='ltr'>ἐν</span> <span class='ocrx_word' id='word_1_5' title='bbox 625 687 878 775; x_wconf 77' lang='grc' dir='ltr'><strong><em>ἐπιτηδεύμασιν</em></strong></span> <span class='ocrx_word' id='word_1_6' title='bbox 900 685 1079 772; x_wconf 81' lang='grc' dir='ltr'><strong><em>συμμετρία</em></strong></span> <span class='ocrx_word' id='word_1_7' title='bbox 1100 692 1207 764; x_wconf 85' lang='grc' dir='ltr'><strong><em>καλοῖς</em></strong></span> <span class='ocrx_word' id='word_1_8' title='bbox 1234 681 1253 774; x_wconf 79' lang='grc' dir='ltr'><em>ἢ</em></span> <span class='ocrx_word' id='word_1_9' title='bbox 1278 687 1396 770; x_wconf 82' lang='grc' dir='ltr'><strong><em>νόμοις</em></strong></span> 
     </span>
     <span class='ocr_line' id='line_1_3' title="bbox 355 787 931 879; baseline 0.002 -21"><span class='ocrx_word' id='word_1_10' title='bbox 355 788 382 877; x_wconf 81' lang='grc' dir='ltr'><em>ἢ</em></span> <span class='ocrx_word' id='word_1_11' title='bbox 402 791 594 879; x_wconf 71' lang='grc' dir='ltr'><strong><em>μαθήμασιν</em></strong></span> <span class='ocrx_word' id='word_1_12' title='bbox 617 787 637 878; x_wconf 83' lang='grc' dir='ltr'><em>ἢ</em></span> <span class='ocrx_word' id='word_1_13' title='bbox 658 790 931 878; x_wconf 47' lang='grc' dir='ltr'><strong><em>ἐπιστήμαιςι.</em></strong></span> 
     </span>
    </p>

    <p class='ocr_par' dir='ltr' id='par_1_3' title="bbox 360 899 1395 1377">
     <span class='ocr_line' id='line_1_4' title="bbox 447 899 1395 984; baseline 0 -20"><span class='ocrx_word' id='word_1_14' title='bbox 447 899 511 964; x_wconf 83' lang='lat' dir='ltr'>Sed</span> <span class='ocrx_word' id='word_1_15' title='bbox 526 905 561 962; x_wconf 90' lang='lat' dir='ltr'>ut</span> <span class='ocrx_word' id='word_1_16' title='bbox 575 901 639 964; x_wconf 86' lang='lat' dir='ltr'>ianr</span> <span class='ocrx_word' id='word_1_17' title='bbox 655 921 696 964; x_wconf 85' lang='lat' dir='ltr'>ex</span> <span class='ocrx_word' id='word_1_18' title='bbox 710 900 759 962; x_wconf 91' lang='lat' dir='ltr'>his</span> <span class='ocrx_word' id='word_1_19' title='bbox 781 922 863 984; x_wconf 88' lang='lat' dir='ltr'>quae</span> <span class='ocrx_word' id='word_1_20' title='bbox 886 900 977 964; x_wconf 90' lang='lat' dir='ltr'>attuli</span> <span class='ocrx_word' id='word_1_21' title='bbox 999 901 1093 984; x_wconf 91' lang='lat' dir='ltr'>plane</span> <span class='ocrx_word' id='word_1_22' title='bbox 1115 906 1249 984; x_wconf 85' lang='lat' dir='ltr'>apparet</span> <span class='ocrx_word' id='word_1_23' title='bbox 1267 900 1298 962; x_wconf 91' lang='lat' dir='ltr'>N</span> <span class='ocrx_word' id='word_1_24' title='bbox 1300 922 1395 984; x_wconf 83' lang='lat' dir='ltr'>ysae-</span> 
     </span>
     <span class='ocr_line' id='line_1_5' title="bbox 360 1002 1391 1086; baseline 0.001 -19"><span class='ocrx_word' id='word_1_25' title='bbox 360 1025 436 1067; x_wconf 93' lang='lat' dir='ltr'>num</span> <span class='ocrx_word' id='word_1_26' title='bbox 459 1025 523 1066; x_wconf 91' lang='lat' dir='ltr'>non</span> <span class='ocrx_word' id='word_1_27' title='bbox 547 1003 587 1066; x_wconf 90' lang='lat' dir='ltr'>ad</span> <span class='ocrx_word' id='word_1_28' title='bbox 602 1003 765 1066; x_wconf 88' lang='lat' dir='ltr'>Plotinum</span> <span class='ocrx_word' id='word_1_29' title='bbox 788 1003 845 1067; x_wconf 87' lang='lat' dir='ltr'>sed</span> <span class='ocrx_word' id='word_1_30' title='bbox 867 1003 908 1066; x_wconf 89' lang='lat' dir='ltr'>ad</span> <span class='ocrx_word' id='word_1_31' title='bbox 931 1004 1035 1086; x_wconf 91' lang='lat' dir='ltr'>ipsum</span> <span class='ocrx_word' id='word_1_32' title='bbox 1051 1004 1219 1067; x_wconf 79' lang='lat' dir='ltr'>Platonem</span> <span class='ocrx_word' id='word_1_33' title='bbox 1242 1002 1391 1086; x_wconf 82' lang='lat' dir='ltr'>rediisse,</span> 
     </span>
     <span class='ocr_line' id='line_1_6' title="bbox 361 1105 1393 1190; baseline -0.002 -20"><span class='ocrx_word' id='word_1_34' title='bbox 361 1108 404 1170; x_wconf 90' lang='lat' dir='ltr'>sic</span> <span class='ocrx_word' id='word_1_35' title='bbox 427 1107 523 1171; x_wconf 87' lang='lat' dir='ltr'>etiam</span> <span class='ocrx_word' id='word_1_36' title='bbox 546 1128 587 1170; x_wconf 87' lang='lat' dir='ltr'>ex</span> <span class='ocrx_word' id='word_1_37' title='bbox 621 1127 658 1169; x_wconf 90' lang='lat' dir='ltr'>eo</span> <span class='ocrx_word' id='word_1_38' title='bbox 693 1107 798 1188; x_wconf 76' lang='lat' dir='ltr'>colligi</span> <span class='ocrx_word' id='word_1_39' title='bbox 826 1113 940 1190; x_wconf 84' lang='lat' dir='ltr'>potest,</span> <span class='ocrx_word' id='word_1_40' title='bbox 973 1105 1057 1189; x_wconf 91' lang='lat' dir='ltr'>quod</span> <span class='ocrx_word' id='word_1_41' title='bbox 1090 1106 1163 1188; x_wconf 86' lang='lat' dir='ltr'>alia,</span> <span class='ocrx_word' id='word_1_42' title='bbox 1197 1127 1279 1189; x_wconf 89' lang='lat' dir='ltr'>quae</span> <span class='ocrx_word' id='word_1_43' title='bbox 1313 1127 1393 1168; x_wconf 88' lang='lat' dir='ltr'>cnm</span> 
     </span>
     <span class='ocr_line' id='line_1_7' title="bbox 362 1208 1392 1292; baseline -0.002 -18"><span class='ocrx_word' id='word_1_44' title='bbox 362 1209 505 1292; x_wconf 79' lang='lat' dir='ltr'>Gregorii</span> <span class='ocrx_word' id='word_1_45' title='bbox 539 1209 643 1273; x_wconf 89' lang='lat' dir='ltr'>verbis</span> <span class='ocrx_word' id='word_1_46' title='bbox 675 1215 862 1292; x_wconf 83' lang='lat' dir='ltr'>congruunt,</span> <span class='ocrx_word' id='word_1_47' title='bbox 898 1229 962 1271; x_wconf 90' lang='lat' dir='ltr'>non</span> <span class='ocrx_word' id='word_1_48' title='bbox 990 1209 1100 1272; x_wconf 89' lang='lat' dir='ltr'>insunt</span> <span class='ocrx_word' id='word_1_49' title='bbox 1136 1209 1168 1271; x_wconf 93' lang='lat' dir='ltr'>in</span> <span class='ocrx_word' id='word_1_50' title='bbox 1196 1208 1392 1272; x_wconf 87' lang='lat' dir='ltr'>Plotinianis</span> 
     </span>
     <span class='ocr_line' id='line_1_8' title="bbox 361 1312 476 1377; baseline -0.009 0"><span class='ocrx_word' id='word_1_51' title='bbox 361 1312 476 1377; x_wconf 84' lang='lat' dir='ltr'>verbis.</span> 
     </span>
    </p>

    <p class='ocr_par' dir='ltr' id='par_1_4' title="bbox 360 1405 1395 2405">
     <span class='ocr_line' id='line_1_9' title="bbox 409 1405 1395 1499; baseline -0.003 -20"><span class='ocrx_word' id='word_1_52' title='bbox 409 1405 411 1414; x_wconf 50' lang='lat'>¹</span> <span class='ocrx_word' id='word_1_53' title='bbox 448 1415 512 1479; x_wconf 82' lang='lat' dir='ltr'>Sed</span> <span class='ocrx_word' id='word_1_54' title='bbox 542 1435 605 1478; x_wconf 91' lang='lat' dir='ltr'>non</span> <span class='ocrx_word' id='word_1_55' title='bbox 637 1415 738 1478; x_wconf 90' lang='lat' dir='ltr'>solum</span> <span class='ocrx_word' id='word_1_56' title='bbox 768 1414 934 1499; x_wconf 90' lang='lat' dir='ltr'>Nyssenus</span> <span class='ocrx_word' id='word_1_57' title='bbox 965 1436 1004 1478; x_wconf 88' lang='lat' dir='ltr'>ca</span> <span class='ocrx_word' id='word_1_58' title='bbox 1032 1414 1148 1497; x_wconf 78' lang='lat' dir='ltr'>onmia,</span> <span class='ocrx_word' id='word_1_59' title='bbox 1177 1434 1260 1497; x_wconf 89' lang='lat' dir='ltr'>quae</span> <span class='ocrx_word' id='word_1_60' title='bbox 1294 1435 1395 1498; x_wconf 87' lang='lat' dir='ltr'>supra</span> 
     </span>
     <span class='ocr_line' id='line_1_10' title="bbox 361 1516 1394 1600; baseline -0.002 -18"><span class='ocrx_word' id='word_1_61' title='bbox 361 1541 402 1582; x_wconf 88' lang='lat' dir='ltr'>ex</span> <span class='ocrx_word' id='word_1_62' title='bbox 426 1519 569 1582; x_wconf 79' lang='lat' dir='ltr'>Platonis</span> <span class='ocrx_word' id='word_1_63' title='bbox 601 1517 754 1581; x_wconf 83' lang='lat' dir='ltr'>Gonvivio</span> <span class='ocrx_word' id='word_1_64' title='bbox 784 1518 875 1580; x_wconf 88' lang='lat' dir='ltr'>attuli</span> <span class='ocrx_word' id='word_1_65' title='bbox 905 1517 1003 1582; x_wconf 86' lang='lat' dir='ltr'>verba</span> <span class='ocrx_word' id='word_1_66' title='bbox 1032 1538 1051 1579; x_wconf 88' lang='lat' dir='ltr'>a</span> <span class='ocrx_word' id='word_1_67' title='bbox 1080 1517 1222 1579; x_wconf 89' lang='lat' dir='ltr'>Diotima</span> <span class='ocrx_word' id='word_1_68' title='bbox 1251 1516 1394 1600; x_wconf 87' lang='lat' dir='ltr'>quadam</span> 
     </span>
     <span class='ocr_line' id='line_1_11' title="bbox 363 1619 1392 1706; baseline -0.004 -20"><span class='ocrx_word' id='word_1_69' title='bbox 363 1622 510 1706; x_wconf 86' lang='lat' dir='ltr'>exposita</span> <span class='ocrx_word' id='word_1_70' title='bbox 542 1621 575 1684; x_wconf 91' lang='lat' dir='ltr'>in</span> <span class='ocrx_word' id='word_1_71' title='bbox 609 1642 700 1684; x_wconf 92' lang='lat' dir='ltr'>usum</span> <span class='ocrx_word' id='word_1_72' title='bbox 735 1642 828 1683; x_wconf 90' lang='lat' dir='ltr'>sunm</span> <span class='ocrx_word' id='word_1_73' title='bbox 863 1621 1027 1703; x_wconf 80' lang='lat' dir='ltr'>convertit,</span> <span class='ocrx_word' id='word_1_74' title='bbox 1061 1620 1117 1683; x_wconf 92' lang='lat' dir='ltr'>sed</span> <span class='ocrx_word' id='word_1_75' title='bbox 1153 1620 1257 1703; x_wconf 80' lang='lat' dir='ltr'>ipsam</span> <span class='ocrx_word' id='word_1_76' title='bbox 1290 1619 1392 1683; x_wconf 86' lang='lat' dir='ltr'>etiam</span> 
     </span>
     <span class='ocr_line' id='line_1_12' title="bbox 361 1722 1394 1806; baseline -0.003 -19"><span class='ocrx_word' id='word_1_77' title='bbox 361 1723 537 1788; x_wconf 89' lang='lat' dir='ltr'>Diotimam</span> <span class='ocrx_word' id='word_1_78' title='bbox 558 1723 617 1786; x_wconf 87' lang='lat' dir='ltr'>sibi</span> <span class='ocrx_word' id='word_1_79' title='bbox 633 1723 798 1806; x_wconf 80' lang='lat' dir='ltr'>proposuit</span> <span class='ocrx_word' id='word_1_80' title='bbox 820 1729 915 1806; x_wconf 86' lang='lat' dir='ltr'>atque</span> <span class='ocrx_word' id='word_1_81' title='bbox 937 1723 1079 1786; x_wconf 88' lang='lat' dir='ltr'>imitatus</span> <span class='ocrx_word' id='word_1_82' title='bbox 1103 1722 1206 1785; x_wconf 87' lang='lat' dir='ltr'>estin</span> <span class='ocrx_word' id='word_1_83' title='bbox 1229 1722 1308 1785; x_wconf 90' lang='lat' dir='ltr'>libro</span> <span class='ocrx_word' id='word_1_84' title='bbox 1332 1743 1394 1785; x_wconf 91' lang='lat' dir='ltr'>suo</span> 
     </span>
     <span class='ocr_line' id='line_1_13' title="bbox 362 1824 1393 1908; baseline -0.002 -18"><span class='ocrx_word' id='word_1_85' title='bbox 362 1827 401 1890; x_wconf 85' lang='lat' dir='ltr'>de</span> <span class='ocrx_word' id='word_1_86' title='bbox 425 1827 532 1890; x_wconf 92' lang='lat' dir='ltr'>anima</span> <span class='ocrx_word' id='word_1_87' title='bbox 555 1832 588 1890; x_wconf 89' lang='lat' dir='ltr'>et</span> <span class='ocrx_word' id='word_1_88' title='bbox 610 1827 853 1890; x_wconf 87' lang='lat' dir='ltr'>resurrectione.</span> <span class='ocrx_word' id='word_1_89' title='bbox 898 1826 969 1900; x_wconf 83' lang='lat' dir='ltr'>Quo</span> <span class='ocrx_word' id='word_1_90' title='bbox 992 1826 1026 1888; x_wconf 91' lang='lat' dir='ltr'>in</span> <span class='ocrx_word' id='word_1_91' title='bbox 1049 1825 1174 1908; x_wconf 85' lang='lat' dir='ltr'>dialogo</span> <span class='ocrx_word' id='word_1_92' title='bbox 1190 1847 1231 1889; x_wconf 83' lang='lat' dir='ltr'>ex</span> <span class='ocrx_word' id='word_1_93' title='bbox 1246 1824 1393 1889; x_wconf 79' lang='lat' dir='ltr'>Platonis</span> 
     </span>
     <span class='ocr_line' id='line_1_14' title="bbox 360 1927 1394 2012; baseline -0.003 -19"><span class='ocrx_word' id='word_1_94' title='bbox 360 1930 504 1994; x_wconf 90' lang='lat' dir='ltr'>Diotima</span> <span class='ocrx_word' id='word_1_95' title='bbox 533 1929 709 1992; x_wconf 85' lang='lat' dir='ltr'>Macrinam</span> <span class='ocrx_word' id='word_1_96' title='bbox 741 1949 881 1991; x_wconf 88' lang='lat' dir='ltr'>sororem</span> <span class='ocrx_word' id='word_1_97' title='bbox 910 1935 975 1992; x_wconf 91' lang='lat' dir='ltr'>tam</span> <span class='ocrx_word' id='word_1_98' title='bbox 1004 1929 1098 2012; x_wconf 89' lang='lat' dir='ltr'>plane</span> <span class='ocrx_word' id='word_1_99' title='bbox 1127 1927 1304 1992; x_wconf 84' lang='lat' dir='ltr'>imitatione</span> <span class='ocrx_word' id='word_1_100' title='bbox 1334 1950 1394 1991; x_wconf 81' lang='lat' dir='ltr'>ex·</span> 
     </span>
     <span class='ocr_line' id='line_1_15' title="bbox 360 2009 1392 2117; baseline -0.003 -21"><span class='ocrx_word' id='word_1_101' title='bbox 360 2009 476 2117; x_wconf 72' lang='lat' dir='ltr'>pressit</span> <span class='ocrx_word' id='word_1_102' title='bbox 486 2033 521 2115; x_wconf 80' lang='grc'>1),</span> <span class='ocrx_word' id='word_1_103' title='bbox 552 2038 588 2095; x_wconf 90' lang='lat' dir='ltr'>ut</span> <span class='ocrx_word' id='word_1_104' title='bbox 614 2053 708 2095; x_wconf 85' lang='lat' dir='ltr'>nemo</span> <span class='ocrx_word' id='word_1_105' title='bbox 737 2031 881 2095; x_wconf 89' lang='lat' dir='ltr'>dubitare</span> <span class='ocrx_word' id='word_1_106' title='bbox 903 2032 1019 2117; x_wconf 66' lang='lat' dir='ltr'>[possit</span> <span class='ocrx_word' id='word_1_107' title='bbox 1048 2031 1125 2116; x_wconf 90' lang='lat' dir='ltr'>quin</span> <span class='ocrx_word' id='word_1_108' title='bbox 1154 2038 1222 2095; x_wconf 89' lang='lat' dir='ltr'>tota</span> <span class='ocrx_word' id='word_1_109' title='bbox 1245 2032 1392 2114; x_wconf 83' lang='lat' dir='ltr'>Gregorii</span> 
     </span>
     <span class='ocr_line' id='line_1_16' title="bbox 361 2136 1393 2220; baseline -0.001 -22"><span class='ocrx_word' id='word_1_110' title='bbox 361 2137 477 2199; x_wconf 88' lang='lat' dir='ltr'>sororis</span> <span class='ocrx_word' id='word_1_111' title='bbox 530 2155 666 2218; x_wconf 90' lang='lat' dir='ltr'>persona</span> <span class='ocrx_word' id='word_1_112' title='bbox 719 2141 913 2198; x_wconf 87' lang='lat' dir='ltr'>commutata</span> <span class='ocrx_word' id='word_1_113' title='bbox 963 2136 1053 2220; x_wconf 89' lang='lat' dir='ltr'>qnasi</span> <span class='ocrx_word' id='word_1_114' title='bbox 1103 2142 1198 2218; x_wconf 83' lang='lat' dir='ltr'>atque</span> <span class='ocrx_word' id='word_1_115' title='bbox 1238 2155 1393 2198; x_wconf 87' lang='lat' dir='ltr'>conversa</span> 
     </span>
     <span class='ocr_line' id='line_1_17' title="bbox 360 2238 1394 2322; baseline -0.002 -21"><span class='ocrx_word' id='word_1_116' title='bbox 360 2239 402 2302; x_wconf 92' lang='lat' dir='ltr'>sit</span> <span class='ocrx_word' id='word_1_117' title='bbox 435 2239 469 2301; x_wconf 93' lang='lat' dir='ltr'>in</span> <span class='ocrx_word' id='word_1_118' title='bbox 499 2238 638 2302; x_wconf 81' lang='lat' dir='ltr'>Socratis</span> <span class='ocrx_word' id='word_1_119' title='bbox 671 2238 856 2321; x_wconf 85' lang='lat' dir='ltr'>magistram</span> <span class='ocrx_word' id='word_1_120' title='bbox 888 2238 1065 2322; x_wconf 87' lang='lat' dir='ltr'>sapientem</span> <span class='ocrx_word' id='word_1_121' title='bbox 1098 2239 1185 2302; x_wconf 90' lang='lat' dir='ltr'>illam</span> <span class='ocrx_word' id='word_1_122' title='bbox 1218 2244 1323 2301; x_wconf 86' lang='lat' dir='ltr'>vatem</span> <span class='ocrx_word' id='word_1_123' title='bbox 1359 2243 1394 2301; x_wconf 87' lang='lat' dir='ltr'>et</span> 
     </span>
     <span class='ocr_line' id='line_1_18' title="bbox 360 2341 514 2405; baseline 0 -1"><span class='ocrx_word' id='word_1_124' title='bbox 360 2341 514 2405; x_wconf 88' lang='lat' dir='ltr'>nuntiam.</span> 
     </span>
    </p>

    <p class='ocr_par' dir='ltr' id='par_1_5' title="bbox 357 2442 1392 3663">
     <span class='ocr_line' id='line_1_19' title="bbox 445 2442 1392 2526; baseline -0.003 -19"><span class='ocrx_word' id='word_1_125' title='bbox 445 2443 589 2507; x_wconf 90' lang='lat' dir='ltr'>Primum</span> <span class='ocrx_word' id='word_1_126' title='bbox 619 2443 704 2506; x_wconf 88' lang='lat' dir='ltr'>enim</span> <span class='ocrx_word' id='word_1_127' title='bbox 733 2464 796 2507; x_wconf 89' lang='lat' dir='ltr'>non</span> <span class='ocrx_word' id='word_1_128' title='bbox 820 2444 922 2526; x_wconf 91' lang='lat' dir='ltr'>magis</span> <span class='ocrx_word' id='word_1_129' title='bbox 947 2444 1093 2508; x_wconf 76' lang='lat' dir='ltr'>Socrates</span> <span class='ocrx_word' id='word_1_130' title='bbox 1116 2443 1205 2506; x_wconf 89' lang='lat' dir='ltr'>illum</span> <span class='ocrx_word' id='word_1_131' title='bbox 1228 2442 1392 2525; x_wconf 85' lang='lat' dir='ltr'>dialogum</span> 
     </span>
     <span class='ocr_line' id='line_1_20' title="bbox 360 2545 1391 2630; baseline -0.002 -20"><span class='ocrx_word' id='word_1_132' title='bbox 360 2548 474 2610; x_wconf 91' lang='lat' dir='ltr'>habuit</span> <span class='ocrx_word' id='word_1_133' title='bbox 496 2568 569 2610; x_wconf 89' lang='lat' dir='ltr'>cum</span> <span class='ocrx_word' id='word_1_134' title='bbox 591 2547 733 2610; x_wconf 89' lang='lat' dir='ltr'>Diotima</span> <span class='ocrx_word' id='word_1_135' title='bbox 755 2568 851 2630; x_wconf 88' lang='lat' dir='ltr'>quarn</span> <span class='ocrx_word' id='word_1_136' title='bbox 869 2547 1041 2629; x_wconf 84' lang='lat' dir='ltr'>Gregorius</span> <span class='ocrx_word' id='word_1_137' title='bbox 1064 2568 1137 2611; x_wconf 88' lang='lat' dir='ltr'>cum</span> <span class='ocrx_word' id='word_1_138' title='bbox 1163 2567 1279 2609; x_wconf 90' lang='lat' dir='ltr'>sorore.</span> <span class='ocrx_word' id='word_1_139' title='bbox 1324 2545 1391 2610; x_wconf 79' lang='lat' dir='ltr'>Sed</span> 
     </span>
     <span class='ocr_line' id='line_1_21' title="bbox 359 2649 1391 2734; baseline -0.001 -22"><span class='ocrx_word' id='word_1_140' title='bbox 359 2657 395 2713; x_wconf 91' lang='lat' dir='ltr'>ut</span> <span class='ocrx_word' id='word_1_141' title='bbox 419 2650 565 2714; x_wconf 82' lang='lat' dir='ltr'>Socrates</span> <span class='ocrx_word' id='word_1_142' title='bbox 589 2671 662 2713; x_wconf 90' lang='lat' dir='ltr'>suas</span> <span class='ocrx_word' id='word_1_143' title='bbox 685 2650 771 2734; x_wconf 91' lang='lat' dir='ltr'>ipsas</span> <span class='ocrx_word' id='word_1_144' title='bbox 800 2651 974 2714; x_wconf 86' lang='lat' dir='ltr'>sententias</span> <span class='ocrx_word' id='word_1_145' title='bbox 996 2651 1158 2714; x_wconf 87' lang='lat' dir='ltr'>Diotimae</span> <span class='ocrx_word' id='word_1_146' title='bbox 1189 2649 1313 2732; x_wconf 86' lang='lat' dir='ltr'>subicit,</span> <span class='ocrx_word' id='word_1_147' title='bbox 1344 2650 1391 2712; x_wconf 87' lang='lat' dir='ltr'>sic</span> 
     </span>
     <span class='ocr_line' id='line_1_22' title="bbox 361 2753 1390 2835; baseline -0.001 -18"><span class='ocrx_word' id='word_1_148' title='bbox 361 2753 533 2835; x_wconf 86' lang='lat' dir='ltr'>Gregorius</span> <span class='ocrx_word' id='word_1_149' title='bbox 549 2753 724 2817; x_wconf 89' lang='lat' dir='ltr'>Macrinam</span> <span class='ocrx_word' id='word_1_150' title='bbox 747 2774 803 2817; x_wconf 86' lang='lat' dir='ltr'>aas</span> <span class='ocrx_word' id='word_1_151' title='bbox 826 2753 1013 2818; x_wconf 84' lang='lat' dir='ltr'>afferentem</span> <span class='ocrx_word' id='word_1_152' title='bbox 1037 2754 1114 2817; x_wconf 88' lang='lat' dir='ltr'>lacit</span> <span class='ocrx_word' id='word_1_153' title='bbox 1136 2754 1284 2835; x_wconf 88' lang='lat' dir='ltr'>rationes,</span> <span class='ocrx_word' id='word_1_154' title='bbox 1306 2773 1390 2835; x_wconf 90' lang='lat' dir='ltr'>quae</span> 
     </span>
     <span class='ocr_line' id='line_1_23' title="bbox 359 2856 1390 2940; baseline -0.002 -21"><span class='ocrx_word' id='word_1_155' title='bbox 359 2857 408 2919; x_wconf 93' lang='lat' dir='ltr'>sui</span> <span class='ocrx_word' id='word_1_156' title='bbox 432 2857 531 2940; x_wconf 88' lang='lat' dir='ltr'>ipsius</span> <span class='ocrx_word' id='word_1_157' title='bbox 555 2862 637 2920; x_wconf 89' lang='lat' dir='ltr'>sunt.</span> <span class='ocrx_word' id='word_1_158' title='bbox 681 2857 712 2921; x_wconf 90' lang='lat' dir='ltr'>N</span> <span class='ocrx_word' id='word_1_159' title='bbox 714 2879 765 2940; x_wconf 85' lang='lat' dir='ltr'>on,</span> <span class='ocrx_word' id='word_1_160' title='bbox 780 2864 817 2920; x_wconf 90' lang='lat' dir='ltr'>ut</span> <span class='ocrx_word' id='word_1_161' title='bbox 832 2858 901 2921; x_wconf 86' lang='lat' dir='ltr'>lieri</span> <span class='ocrx_word' id='word_1_162' title='bbox 918 2856 1024 2940; x_wconf 84' lang='lat' dir='ltr'>debet,</span> <span class='ocrx_word' id='word_1_163' title='bbox 1039 2857 1183 2921; x_wconf 79' lang='lat' dir='ltr'>Macrino</span> <span class='ocrx_word' id='word_1_164' title='bbox 1198 2856 1390 2940; x_wconf 87' lang='lat' dir='ltr'>Gregorium</span> 
     </span>
     <span class='ocr_line' id='line_1_24' title="bbox 359 2959 1389 3044; baseline -0.001 -22"><span class='ocrx_word' id='word_1_165' title='bbox 359 2959 448 3022; x_wconf 89' lang='lat' dir='ltr'>audit</span> <span class='ocrx_word' id='word_1_166' title='bbox 473 2961 524 3023; x_wconf 86' lang='lat' dir='ltr'>vel</span> <span class='ocrx_word' id='word_1_167' title='bbox 540 2981 611 3022; x_wconf 92' lang='lat' dir='ltr'>cum</span> <span class='ocrx_word' id='word_1_168' title='bbox 628 2980 665 3023; x_wconf 93' lang='lat' dir='ltr'>eo</span> <span class='ocrx_word' id='word_1_169' title='bbox 682 2960 833 3044; x_wconf 84' lang='lat' dir='ltr'>disputat,</span> <span class='ocrx_word' id='word_1_170' title='bbox 856 2961 914 3023; x_wconf 91' lang='lat' dir='ltr'>sed</span> <span class='ocrx_word' id='word_1_171' title='bbox 933 2961 1104 3044; x_wconf 86' lang='lat' dir='ltr'>magistrae</span> <span class='ocrx_word' id='word_1_172' title='bbox 1120 2960 1152 3022; x_wconf 90' lang='lat' dir='ltr'>in</span> <span class='ocrx_word' id='word_1_173' title='bbox 1167 2959 1298 3023; x_wconf 91' lang='lat' dir='ltr'>modum</span> <span class='ocrx_word' id='word_1_174' title='bbox 1313 2979 1389 3022; x_wconf 90' lang='lat' dir='ltr'>eum</span> 
     </span>
     <span class='ocr_line' id='line_1_25' title="bbox 362 3062 1389 3147; baseline -0.001 -21"><span class='ocrx_word' id='word_1_175' title='bbox 362 3063 457 3126; x_wconf 89' lang='lat' dir='ltr'>docet</span> <span class='ocrx_word' id='word_1_176' title='bbox 479 3063 617 3126; x_wconf 89' lang='lat' dir='ltr'>rationes</span> <span class='ocrx_word' id='word_1_177' title='bbox 634 3069 666 3127; x_wconf 89' lang='lat' dir='ltr'>et</span> <span class='ocrx_word' id='word_1_178' title='bbox 681 3062 841 3146; x_wconf 88' lang='lat' dir='ltr'>dogmata,</span> <span class='ocrx_word' id='word_1_179' title='bbox 864 3085 945 3147; x_wconf 89' lang='lat' dir='ltr'>quae</span> <span class='ocrx_word' id='word_1_180' title='bbox 969 3070 1043 3127; x_wconf 93' lang='lat' dir='ltr'>sunt</span> <span class='ocrx_word' id='word_1_181' title='bbox 1060 3063 1100 3128; x_wconf 92' lang='lat' dir='ltr'>de</span> <span class='ocrx_word' id='word_1_182' title='bbox 1116 3064 1223 3127; x_wconf 89' lang='lat' dir='ltr'>anima</span> <span class='ocrx_word' id='word_1_183' title='bbox 1238 3069 1271 3127; x_wconf 89' lang='lat' dir='ltr'>et</span> <span class='ocrx_word' id='word_1_184' title='bbox 1285 3083 1389 3126; x_wconf 90' lang='lat' dir='ltr'>resur·</span> 
     </span>
     <span class='ocr_line' id='line_1_26' title="bbox 358 3158 1389 3250; baseline -0.002 -21"><span class='ocrx_word' id='word_1_185' title='bbox 358 3165 497 3229; x_wconf 89' lang='lat' dir='ltr'>rectione</span> <span class='ocrx_word' id='word_1_186' title='bbox 522 3203 560 3210; x_wconf 93' lang='lat'><em>-</em></span> <span class='ocrx_word' id='word_1_187' title='bbox 586 3172 619 3230; x_wconf 90' lang='lat' dir='ltr'>et</span> <span class='ocrx_word' id='word_1_188' title='bbox 650 3173 686 3228; x_wconf 94' lang='lat' dir='ltr'>ut</span> <span class='ocrx_word' id='word_1_189' title='bbox 718 3158 906 3233; x_wconf 81' lang='grc' dir='ltr'><strong><em>διδάσκαλος</em></strong></span> <span class='ocrx_word' id='word_1_190' title='bbox 933 3188 1028 3250; x_wconf 88' lang='lat' dir='ltr'>saepe</span> <span class='ocrx_word' id='word_1_191' title='bbox 1058 3167 1250 3248; x_wconf 87' lang='lat' dir='ltr'>nominatur,</span> <span class='ocrx_word' id='word_1_192' title='bbox 1280 3165 1324 3228; x_wconf 89' lang='lat' dir='ltr'>sic</span> <span class='ocrx_word' id='word_1_193' title='bbox 1355 3172 1389 3228; x_wconf 88' lang='lat' dir='ltr'>et</span> 
     </span>
     <span class='ocr_line' id='line_1_27' title="bbox 357 3268 1385 3351; baseline 0 -21"><span class='ocrx_word' id='word_1_194' title='bbox 357 3268 533 3332; x_wconf 87' lang='lat' dir='ltr'>Diotimam</span> <span class='ocrx_word' id='word_1_195' title='bbox 550 3268 736 3351; x_wconf 88' lang='lat' dir='ltr'>magistram</span> <span class='ocrx_word' id='word_1_196' title='bbox 752 3290 843 3332; x_wconf 89' lang='lat' dir='ltr'>suam</span> <span class='ocrx_word' id='word_1_197' title='bbox 860 3268 957 3333; x_wconf 88' lang='lat' dir='ltr'>fuisse</span> <span class='ocrx_word' id='word_1_198' title='bbox 975 3269 1087 3348; x_wconf 79' lang='lat' dir='ltr'>(Gonu.</span> <span class='ocrx_word' id='word_1_199' title='bbox 1105 3273 1163 3334; x_wconf 84' lang='lat'>201</span> <span class='ocrx_word' id='word_1_200' title='bbox 1174 3270 1218 3346; x_wconf 89' lang='lat' dir='ltr'>D)</span> <span class='ocrx_word' id='word_1_201' title='bbox 1237 3270 1385 3334; x_wconf 81' lang='lat' dir='ltr'>Socrates</span> 
     </span>
     <span class='ocr_line' id='line_1_28' title="bbox 357 3371 1386 3457; baseline 0.002 -25"><span class='ocrx_word' id='word_1_202' title='bbox 357 3371 425 3454; x_wconf 87' lang='lat' dir='ltr'>ipse</span> <span class='ocrx_word' id='word_1_203' title='bbox 450 3372 534 3436; x_wconf 90' lang='lat' dir='ltr'>dicit.</span> <span class='ocrx_word' id='word_1_204' title='bbox 580 3372 648 3435; x_wconf 88' lang='lat' dir='ltr'>Nec</span> <span class='ocrx_word' id='word_1_205' title='bbox 671 3373 777 3434; x_wconf 88' lang='lat' dir='ltr'>minus</span> <span class='ocrx_word' id='word_1_206' title='bbox 801 3394 834 3436; x_wconf 90' lang='lat' dir='ltr'>se</span> <span class='ocrx_word' id='word_1_207' title='bbox 857 3374 962 3457; x_wconf 92' lang='lat' dir='ltr'>ipsum</span> <span class='ocrx_word' id='word_1_208' title='bbox 984 3373 1173 3457; x_wconf 88' lang='lat' dir='ltr'>discipulum</span> <span class='ocrx_word' id='word_1_209' title='bbox 1197 3394 1267 3436; x_wconf 88' lang='lat' dir='ltr'>esse</span> <span class='ocrx_word' id='word_1_210' title='bbox 1283 3371 1386 3435; x_wconf 89' lang='lat' dir='ltr'>scien·</span> 
     </span>
     <span class='ocr_line' id='line_1_29' title="bbox 358 3473 1385 3560; baseline 0.002 -24"><span class='ocrx_word' id='word_1_211' title='bbox 358 3473 420 3536; x_wconf 89' lang='lat' dir='ltr'>tiae</span> <span class='ocrx_word' id='word_1_212' title='bbox 450 3475 578 3558; x_wconf 89' lang='lat' dir='ltr'>quidem</span> <span class='ocrx_word' id='word_1_213' title='bbox 609 3474 759 3559; x_wconf 91' lang='lat' dir='ltr'>cupidum</span> <span class='ocrx_word' id='word_1_214' title='bbox 798 3474 854 3540; x_wconf 89' lang='lat' dir='ltr'>sed</span> <span class='ocrx_word' id='word_1_215' title='bbox 889 3476 1034 3558; x_wconf 86' lang='lat' dir='ltr'>ignarum</span> <span class='ocrx_word' id='word_1_216' title='bbox 1072 3482 1167 3560; x_wconf 88' lang='lat' dir='ltr'>atque</span> <span class='ocrx_word' id='word_1_217' title='bbox 1204 3475 1385 3559; x_wconf 90' lang='lat' dir='ltr'>imperitum</span> 
     </span>
     <span class='ocr_line' id='line_1_30' title="bbox 358 3577 983 3663; baseline 0.002 -21"><span class='ocrx_word' id='word_1_218' title='bbox 358 3577 505 3642; x_wconf 80' lang='lat' dir='ltr'>Socrates</span> <span class='ocrx_word' id='word_1_219' title='bbox 529 3579 657 3642; x_wconf 86' lang='lat' dir='ltr'>simulat</span> <span class='ocrx_word' id='word_1_220' title='bbox 679 3600 776 3662; x_wconf 91' lang='lat' dir='ltr'>quam</span> <span class='ocrx_word' id='word_1_221' title='bbox 801 3580 983 3663; x_wconf 88' lang='lat' dir='ltr'>Gregorius.</span> 
     </span>
    </p>

    <p class='ocr_par' dir='ltr' id='par_1_6' title="bbox 356 3680 1388 4076">
     <span class='ocr_line' id='line_1_31' title="bbox 443 3680 1385 3767; baseline 0.001 -24"><span class='ocrx_word' id='word_1_222' title='bbox 443 3680 568 3744; x_wconf 86' lang='lat' dir='ltr'>Eodem</span> <span class='ocrx_word' id='word_1_223' title='bbox 591 3681 688 3764; x_wconf 88' lang='lat' dir='ltr'>igitur</span> <span class='ocrx_word' id='word_1_224' title='bbox 709 3681 815 3765; x_wconf 82' lang='lat' dir='ltr'>modo,</span> <span class='ocrx_word' id='word_1_225' title='bbox 839 3704 900 3767; x_wconf 94' lang='lat' dir='ltr'>quo</span> <span class='ocrx_word' id='word_1_226' title='bbox 925 3689 1020 3746; x_wconf 88' lang='lat' dir='ltr'>antea</span> <span class='ocrx_word' id='word_1_227' title='bbox 1044 3683 1233 3765; x_wconf 89' lang='lat' dir='ltr'>Gregorium</span> <span class='ocrx_word' id='word_1_228' title='bbox 1256 3703 1385 3766; x_wconf 86' lang='lat' dir='ltr'>compa·</span> 
     </span>
     <span class='ocr_line' id='line_1_32' title="bbox 357 3783 1388 3869; baseline 0.002 -24"><span class='ocrx_word' id='word_1_229' title='bbox 357 3783 495 3846; x_wconf 86' lang='lat' dir='ltr'>ravimus</span> <span class='ocrx_word' id='word_1_230' title='bbox 530 3805 602 3846; x_wconf 88' lang='lat' dir='ltr'>oum</span> <span class='ocrx_word' id='word_1_231' title='bbox 640 3784 773 3847; x_wconf 77' lang='lat' dir='ltr'>Simmia</span> <span class='ocrx_word' id='word_1_232' title='bbox 806 3791 839 3848; x_wconf 92' lang='lat' dir='ltr'>et</span> <span class='ocrx_word' id='word_1_233' title='bbox 873 3785 971 3867; x_wconf 84' lang='lat' dir='ltr'>Gebe,</span> <span class='ocrx_word' id='word_1_234' title='bbox 1011 3786 1086 3869; x_wconf 89' lang='lat' dir='ltr'>quia</span> <span class='ocrx_word' id='word_1_235' title='bbox 1126 3786 1166 3848; x_wconf 89' lang='lat' dir='ltr'>de</span> <span class='ocrx_word' id='word_1_236' title='bbox 1208 3784 1388 3848; x_wconf 89' lang='lat' dir='ltr'>animarum</span> 
     </span>
     <span class='ocr_line' id='line_1_33' title="bbox 356 3886 1386 3975; baseline 0.003 -27"><span class='ocrx_word' id='word_1_237' title='bbox 356 3886 593 3950; x_wconf 86' lang='lat' dir='ltr'>immortalitate</span> <span class='ocrx_word' id='word_1_238' title='bbox 617 3908 651 3949; x_wconf 90' lang='lat' dir='ltr'>se</span> <span class='ocrx_word' id='word_1_239' title='bbox 675 3887 874 3952; x_wconf 86' lang='lat' dir='ltr'>dubitantem</span> <span class='ocrx_word' id='word_1_240' title='bbox 904 3888 1055 3975; x_wconf 82' lang='lat' dir='ltr'>fingebat,</span> <span class='ocrx_word' id='word_1_241' title='bbox 1087 3887 1199 3952; x_wconf 89' lang='lat' dir='ltr'>eodem</span> <span class='ocrx_word' id='word_1_242' title='bbox 1232 3911 1303 3952; x_wconf 92' lang='lat' dir='ltr'>cum</span> <span class='ocrx_word' id='word_1_243' title='bbox 1327 3889 1386 3952; x_wconf 80' lang='lat' dir='ltr'>So·</span> 
     </span>
     <span class='ocr_line' id='line_1_34' title="bbox 360 3990 1388 4076; baseline 0.003 -25"><span class='ocrx_word' id='word_1_244' title='bbox 360 3995 445 4052; x_wconf 87' lang='lat' dir='ltr'>crate</span> <span class='ocrx_word' id='word_1_245' title='bbox 459 4048 461 4052; x_wconf 81' lang='grc'>,</span> <span class='ocrx_word' id='word_1_246' title='bbox 474 3991 527 4053; x_wconf 91' lang='lat' dir='ltr'>illo</span> <span class='ocrx_word' id='word_1_247' title='bbox 551 3990 695 4054; x_wconf 83' lang='lat' dir='ltr'>Convivii</span> <span class='ocrx_word' id='word_1_248' title='bbox 725 3993 901 4076; x_wconf 87' lang='lat' dir='ltr'>comparari</span> <span class='ocrx_word' id='word_1_249' title='bbox 930 3996 1045 4076; x_wconf 88' lang='lat' dir='ltr'>potest.</span> <span class='ocrx_word' id='word_1_250' title='bbox 1090 3991 1136 4055; x_wconf 88' lang='lat' dir='ltr'>At</span> <span class='ocrx_word' id='word_1_251' title='bbox 1163 3997 1196 4055; x_wconf 87' lang='lat' dir='ltr'>et</span> <span class='ocrx_word' id='word_1_252' title='bbox 1225 3991 1388 4055; x_wconf 88' lang='lat' dir='ltr'>Macrinae</span> 
     </span>
    </p>
   </div>
   <div class='ocr_carea' id='block_1_3' title="bbox 359 4102 563 4112">
    <p class='ocr_par' dir='ltr' id='par_1_7' title="bbox 359 4102 563 4112">
     <span class='ocr_line' id='line_1_35' title="bbox 359 4102 563 4112; baseline 0 -2"><span class='ocrx_word' id='word_1_253' title='bbox 359 4102 563 4112; x_wconf 76' lang='lat'>——--</span> 
     </span>
    </p>
   </div>
   <div class='ocr_carea' id='block_1_4' title="bbox 355 4143 1389 4373">
    <p class='ocr_par' dir='ltr' id='par_1_8' title="bbox 355 4143 1389 4373">
     <span class='ocr_line' id='line_1_36' title="bbox 445 4143 1389 4223; baseline 0.001 -25"><span class='ocrx_word' id='word_1_254' title='bbox 445 4145 466 4212; x_wconf 90' lang='lat'>¹)</span> <span class='ocrx_word' id='word_1_255' title='bbox 485 4143 642 4199; x_wconf 84' lang='lat' dir='ltr'>Creuzerus</span> <span class='ocrx_word' id='word_1_256' title='bbox 669 4145 699 4198; x_wconf 93' lang='lat' dir='ltr'>in</span> <span class='ocrx_word' id='word_1_257' title='bbox 728 4146 812 4214; x_wconf 85' lang='lat' dir='ltr'>libr0‚</span> <span class='ocrx_word' id='word_1_258' title='bbox 848 4146 897 4216; x_wconf 91' lang='lat' dir='ltr'>qui</span> <span class='ocrx_word' id='word_1_259' title='bbox 930 4146 1097 4200; x_wconf 84' lang='lat' dir='ltr'>inscribitur</span> <span class='ocrx_word' id='word_1_260' title='bbox 1125 4146 1197 4214; x_wconf 81' lang='lat' dir='ltr'>„Zur</span> <span class='ocrx_word' id='word_1_261' title='bbox 1224 4145 1328 4202; x_wconf 84' lang='lat' dir='ltr'>Gesoh.</span> <span class='ocrx_word' id='word_1_262' title='bbox 1357 4146 1389 4223; x_wconf 69' lang='lat' dir='ltr'>d⁸</span> 
     </span>
     <span class='ocr_line' id='line_1_37' title="bbox 355 4229 1381 4303; baseline 0.004 -20"><span class='ocrx_word' id='word_1_263' title='bbox 355 4229 462 4300; x_wconf 87' lang='lat' dir='ltr'>griech.</span> <span class='ocrx_word' id='word_1_264' title='bbox 481 4250 507 4283; x_wconf 92' lang='lat' dir='ltr'>u.</span> <span class='ocrx_word' id='word_1_265' title='bbox 527 4237 594 4285; x_wconf 78' lang='lat' dir='ltr'>rbm.</span> <span class='ocrx_word' id='word_1_266' title='bbox 613 4231 704 4286; x_wconf 60' lang='lat' dir='ltr'>Lista</span> <span class='ocrx_word' id='word_1_267' title='bbox 723 4251 751 4302; x_wconf 89' lang='lat' dir='ltr'>p.</span> <span class='ocrx_word' id='word_1_268' title='bbox 771 4233 823 4287; x_wconf 78' lang='grc'>476</span> <span class='ocrx_word' id='word_1_269' title='bbox 851 4251 909 4303; x_wconf 87' lang='lat' dir='ltr'>seq.</span> <span class='ocrx_word' id='word_1_270' title='bbox 940 4233 1010 4286; x_wconf 86' lang='lat' dir='ltr'>haec</span> <span class='ocrx_word' id='word_1_271' title='bbox 1036 4233 1092 4286; x_wconf 89' lang='lat' dir='ltr'>iam</span> <span class='ocrx_word' id='word_1_272' title='bbox 1119 4234 1226 4303; x_wconf 89' lang='lat' dir='ltr'>primus</span> <span class='ocrx_word' id='word_1_273' title='bbox 1255 4234 1381 4288; x_wconf 85' lang='lat' dir='ltr'>breviter</span> 
     </span>
     <span class='ocr_line' id='line_1_38' title="bbox 357 4320 593 4373; baseline 0 -1"><span class='ocrx_word' id='word_1_274' title='bbox 357 4320 593 4373; x_wconf 87' lang='lat' dir='ltr'>commemoravit.</span> 
     </span>
    </p>
   </div>
   <div class='ocr_carea' id='block_1_5' title="bbox 0 0 1526 5084">
    <p class='ocr_par' dir='ltr' id='par_1_9' title="bbox 0 0 1526 5084">
     <span class='ocr_line' id='line_1_39' title="bbox 0 0 1526 5084; baseline 0 2"><span class='ocrx_word' id='word_1_275' title='bbox 0 0 1526 5084; x_wconf 95' lang='lat' dir='ltr'> </span> 
     </span>
    </p>
   </div>
  </div>
 </body>
</html>
