3042 5084
550 530 767 594 ...65-

146 703 293 787 exemplo
324 699 478 786 quodam:
512 701 545 764 in
578 721 655 764 vooe
689 701 775 764 enirn
810 696 911 783 ,eaeli‘
945 694 1107 782 (οὐρανὸς)
1141 709 1175 768 et

142 804 334 870 firmamenti
358 800 563 884 (στερέωμα),
585 803 729 887 quamvis
749 824 815 867 una
836 789 951 867 natura
979 804 1012 866 in
1039 810 1172 889 utroque

145 907 341 992 significetur
369 906 508 988 nomine,
539 912 646 970 tamen
676 907 839 990 proprium
868 906 1020 990 quiddam
1053 927 1173 991 eorum,

143 1032 224 1096 quae
247 1011 280 1073 in
303 1009 362 1074 hae
384 1009 464 1072 fiant
491 1016 646 1092 ereatura,
676 1010 842 1072 nominum
871 1008 1084 1074 differentiam
1114 1032 1169 1075 ex·

142 1116 294 1199 primere:
328 1113 514 1189 ‚ereptopo‘
544 1115 584 1190 (e.
609 1113 688 1177 Gen.
711 1113 737 1195 I,
762 1116 857 1189 6-8)
889 1112 952 1177 diei
977 1114 1100 1179 1004Α
1132 1164 1139 1178 .
1164 1165 1171 1180 .

143 1211 231 1299 ,ὅταν
255 1264 262 1280 .
287 1269 293 1282 ,
323 1265 330 1278 .
353 1213 391 1278 τὸ
416 1219 516 1294 πέρας
537 1217 592 1298 τῆς
621 1213 776 1298 αἰσθητῆς
804 1217 934 1284 κτίσεως
962 1206 1131 1302 ὑπογράφῃ
1155 1211 1173 1278 ὁ

142 1315 235 1397 λόγος
258 1370 265 1386 .
290 1367 297 1382 .
322 1369 329 1385 .
354 1309 431 1380 ὅταν
454 1315 491 1380 δὲ
511 1315 570 1402 τὴν
591 1312 814 1396 ὑποκειμένων
836 1313 993 1401 περιοχὴν
1021 1315 1173 1392 serrete-

141 1443 201 1501 μεν
339 1415 475 1503 οὐρανὸν
513 1423 629 1484 τοῦιον
667 1416 952 1502 προσαγορεύομεν
990 1414 1046 1486 τὸν
1090 1421 1168 1484 τῶν

145 1521 302 1607 ὁρατῶν
327 1521 486 1588 πάντων
503 1518 582 1604 ὅρον
599 1521 768 1605 γινόμενον
785 1576 791 1591 .
809 1574 816 1588 .
834 1527 852 1589 .‘
875 1525 1000 1600 Quibus
1014 1528 1049 1590 in
1063 1527 1168 1591 verbis

144 1630 285 1694 definitio
308 1629 465 1716 quaedam
495 1630 579 1692 inest
608 1629 697 1712 caeli,
727 1650 810 1713 quae
840 1629 938 1692 etiam
965 1630 999 1692 in
1021 1630 1165 1694 Platonis

143 1739 247 1798 exstat
270 1731 398 1818 Oratylo
427 1733 468 1796 ad
490 1753 626 1816 eumque
650 1731 791 1797 alludere
810 1731 944 1796 videtur.
975 1736 1037 1798 300
1045 1733 1083 1816 Β,
1107 1754 1170 1816 quo

143 1837 211 1900 loeo
234 1827 370 1916 οὐρανὸς
392 1835 552 1899 derivatur
574 1856 593 1898 a
615 1835 713 1898 verba
737 1824 828 1913 ὁρᾶν.
841 1835 864 1911 1)

232 1939 377 2023 Gregorii
400 1959 475 2003 vero
498 1938 538 2002 de
560 1939 725 2002 nominum
748 1938 870 2021 origine
893 1941 1051 2003 sententia
1079 1941 1172 2025 plane

146 2043 296 2108 abhorret
310 2064 329 2105 a
341 2043 494 2106 Platonis.
524 2041 679 2126 Congruit
694 2042 823 2125 quidem
839 2043 871 2105 in
887 2063 925 2107 eo
938 2064 1010 2106 eum
1026 2042 1172 2127 Platone,

144 2147 228 2231 quod
250 2167 356 2210 rerum
378 2145 607 2231 appellationes
630 2168 741 2210 earum
763 2145 904 2210 indicare
919 2153 1011 2231 putat
1024 2153 1171 2229 naturas3

146 2250 202 2319 sed
225 2249 318 2313 Plato
349 2249 512 2313 existimat
541 2249 804 2314 consuetudinem
832 2250 968 2312 multum
998 2249 1039 2312 ad
1067 2269 1172 2313 rerum

144 2353 273 2416 nomina
295 2353 443 2436 valuisse,
467 2354 511 2416 sio
535 2359 655 2416 utnon
678 2369 790 2417 'omnes
813 2352 1042 2438 appellationes
1065 2375 1171 2417 rerum

144 2462 291 2520 naturam
324 2462 357 2520 et
389 2457 453 2520 vim
487 2457 628 2521 indioent
663 2457 715 2534 (ol.
739 2457 844 2521 Zeller
875 2456 919 2540 Π,
945 2456 987 2541 1³,
1019 2478 1051 2541 p.
1083 2458 1170 2534 529).

146 2560 318 2644 Gregorius
341 2565 451 2624 eontra
474 2581 583 2624 omnes
608 2560 838 2645 appellationes
860 2582 966 2626 rerum
980 2583 1089 2642 veram
1103 2561 1170 2625 vim

145 2663 322 2748 significare
345 2685 448 2748 neque
471 2665 552 2728 ullas
575 2665 672 2728 falsas
695 2685 765 2728 esse
788 2669 881 2749 putat
895 2701 935 2710 -
950 2664 1172 2729 consuetudini

144 2788 217 2831 vero
233 2768 355 2830 nullum
370 2767 522 2832 adscribit
541 2774 748 2851 momentum,
772 2769 833 2832 nisi
848 2768 933 2852 qnod
947 2768 1052 2851 gentis
1068 2768 1172 2833 euius·

146 2869 219 2932 dam
235 2869 421 2954 nominandi
437 2871 633 2936 consuetudo
646 2876 800 2954 congruat
811 2891 884 2934 oum
896 2871 1171 2955 appellationibus.

147 2972 283 3048 Quodsi¹
302 2964 411 3037 omnes
453 2974 682 3058 appellationes
722 2994 828 3036 rerum
856 2994 964 3037 veram
993 2974 1171 3058 significare

144 3082 290 3140 naturam
319 3077 490 3159 existimat,
524 3097 564 3140 ex
593 3097 631 3140 eo
667 3078 787 3140 laetum
820 3083 879 3160 est,
913 3076 998 3160 quod
1029 3083 1171 3140 nostram

146 3179 333 3243 rationalem
357 3179 541 3244 faoultatem
564 3181 694 3244 nomina
716 3181 898 3263 excogitare
914 3185 1014 3264 putat.
1058 3178 1171 3243 Omnis

144 3283 240 3366 igitur
269 3282 363 3346 homo
392 3283 514 3347 ratione
544 3282 706 3367 praeditus
740 3282 834 3346 rebus
867 3282 998 3346 nomina
1030 3282 1170 3346 tribuere

145 3392 311 3469 potest-
339 3387 458 3450 1044Β
480 3389 499 3450 3
522 3407 587 3470 seq.
612 3424 651 3432 -
677 3386 797 3451 10051)
822 3389 842 3451 6
865 3407 937 3470 seq3
966 3407 1048 3469 quae
1076 3386 1170 3470 plane

144 3509 163 3550 a
184 3488 319 3552 Platone
342 3489 492 3553 abhorret
514 3491 681 3554 sententia.

204 3661 206 3664 ,
230 3593 401 3675 Gregorius
417 3614 489 3656 oum
505 3593 573 3656 sine
589 3592 684 3656 dubio
700 3592 844 3656 Platonis
859 3592 984 3656 noverit
995 3591 1171 3678 Oratylum‚

144 3693 204 3758 illis
226 3697 259 3758 in
283 3697 449 3760 sententiis
473 3717 536 3760 non
559 3695 654 3759 modo
670 3694 865 3759 Eunomium
888 3694 945 3759 sed
960 3696 1058 3759 etiam
1072 3696 1171 3780 ipsius

234 3884 254 3946 ¹)
274 3879 338 3932 Bas.
358 3880 457 3934 eodem
475 3879 558 3933 modo
578 3880 732 3933 identidem
753 3897 861 3946 vocem,
880 3897 953 3950 quae
977 3885 1021 3934 est
1046 3877 1171 3958 οὐρανός.

145 3966 290 4021 derivata
314 3968 403 4022 uerbo
427 3967 499 4045 ὁρᾶν
525 3967 548 4034 Ι,
567 3967 630 4020 72ss
650 3968 680 4034 73
709 3967 791 4023 1800
816 3969 847 4034 23
883 3964 1019 4044 ,οὐρανοῦ
1046 3967 1172 4022 ἐνταῦθα

145 4051 221 4131 παρὰ
239 4051 274 4108 τὸ
293 4053 422 4131 ὁρᾶσθαι
438 4060 496 4109 τοῦ
514 4053 593 4129 ἀέρος
612 4057 839 4131 προσειρημένουί.
854 4054 956 4110 —Sed
979 4072 1043 4107 eum
1074 4054 1172 4109 eadem

145 4141 317 4211 etymologia
344 4159 402 4196 non
429 4142 520 4195 solum
546 4142 577 4194 in
605 4141 668 4193 aliis
696 4141 825 4194 Platonis
855 4146 946 4196 exstet
972 4141 1095 4211 dialogis
1122 4143 1171 4213 (ot.

145 4227 216 4282 Tim.
234 4229 270 4283 32
280 4230 314 4297 Β;
335 4230 405 4284 Ren.
418 4229 515 4301 509D)
534 4234 564 4283 ot
582 4227 715 4283 aStoieis
727 4229 767 4282 sit
783 4235 909 4300 recepta,
928 4228 1054 4282 dubitari
1067 4234 1172 4298 potest,

145 4332 211 4368 uum
229 4316 328 4370 redeat
347 4316 383 4370 ad
403 4317 532 4370 Platonis
551 4316 706 4381 Oratylum.

963 4402 980 4456 5
