3042 5084
556 545 767 608 „51-

233 716 286 779 Ad
309 715 452 778 Platonis
474 714 718 799 Rempublioam
747 736 873 800 quoque
903 716 1072 780 referenda
1101 723 1177 780 sunt

151 839 197 899 ea,
221 818 336 902 quibus
359 818 385 900 I,
409 821 471 881 333
484 817 515 880 A
538 821 557 882 8
581 839 645 902 seq.
693 819 865 901 Gregorius
893 819 1025 902 exponit
1052 817 1176 882 firmam

149 921 361 1004 cognitionem
395 919 536 998 (γνῶσις,
570 919 776 1002 κατανόησις)
810 921 1070 1004 distinguendam
1104 943 1176 986 esse

148 1023 186 1086 ab
220 1025 370 1107 opinione
404 1023 588 1104 (φαντασία,
621 1020 724 1100 δόξα).
735 1025 758 1100 1)
812 1024 905 1087 Illam
939 1024 979 1087 ad
1013 1024 1055 1107 id,
1090 1026 1177 1109 quod

148 1125 261 1189 eodem
284 1126 379 1189 modo
403 1147 529 1210 semper
552 1147 585 1189 se
608 1126 715 1209 habet,
738 1125 823 1211 quod
845 1147 1020 1211 numquam
1041 1134 1176 1211 augetur

147 1249 205 1292 nee
229 1228 383 1316 minuitur
405 1265 444 1274 —-
469 1228 509 1292 ad
538 1228 634 1291 deum
664 1229 769 1312 ipsum
803 1266 842 1273 —
877 1224 924 1296 ,τά
960 1223 1091 1312 ἀληθῶς
1123 1229 1176 1290 καὶ

147 1324 245 1400 ὄντως
268 1322 317 1391 ἀνι
344 1332 503 1415 pertinere
534 1331 620 1412 nisit,
650 1332 832 1414 opinionem
859 1353 934 1396 vero
964 1332 1005 1395 ad
1035 1332 1175 1416 singulas

146 1455 205 1516 res,
240 1455 322 1517 quae
353 1434 499 1498 sensibus
529 1434 843 1524 eomprehenduntur
870 1442 904 1499 et
934 1436 1027 1498 faoile
1058 1437 1174 1498 mutari

145 1541 288 1620 possunt.
333 1537 421 1599 Dicit
443 1537 538 1619 enim,
562 1542 598 1598 ut
619 1537 718 1619 ipsius
742 1537 889 1620 Gregorii
911 1536 1043 1601 afferam
1072 1538 1171 1602 verba

145 1683 169 1714 ‚.
188 1685 219 1704 ..
245 1632 336 1720 ἠτῆς
359 1630 510 1720 ἀληθείας
533 1639 680 1717 γνῶσις
701 1640 757 1720 τῆς
781 1635 917 1717 περὶτὰ
941 1633 987 1721 μὴ
1010 1632 1049 1700 ἀν
1070 1635 1170 1703 ἀπο-

143 1736 303 1823 ληψεως
329 1739 510 1818 καθάρσιον
532 1746 658 1818 γίνεται.
708 1739 811 1803 Τοῦτο
833 1739 870 1802 δὲ
891 1738 961 1804 ἔστι
983 1792 990 1805 .
1015 1795 1022 1809 .
1047 1795 1054 1809 .
1080 1736 1171 1824 ἀρισ-

142 1839 203 1921 μός
244 1835 396 1927 ἀληθείας
436 1837 474 1905 τὰ
521 1842 565 1925 μη
603 1845 846 1927 διαψευσθῆναι
888 1847 942 1928 τῆς
987 1845 1045 1907 τοῦ
1078 1840 1171 1914 ὄντος

141 1945 368 2031 κατανοησεως,
397 1947 518 2030 ψεῦδος
533 1949 593 2028 γάρ
609 1945 677 2010 ἐστι
691 1942 853 2028 φαντασία
868 1969 914 2020 τις
927 1950 1003 2030 περὶ
1017 1946 1055 2011 τὸ
1071 1945 1117 2032 μὴ
1133 1942 1173 2012 ἀν

142 2045 323 2134 ἐγγινομένη
355 2050 394 2134 τῇ
425 2051 549 2133 διανοίᾳ
580 2103 587 2115 .
613 2103 619 2116 ,
645 2103 651 2116 .
677 2101 683 2114 .
715 2044 853 2132 ἀλήθεια
882 2051 918 2114 δὲ
945 2048 964 2134 ἡ
992 2052 1050 2115 τοῦ
1081 2047 1174 2122 ὄντος

141 2145 285 2235 ἀσφαλὴς
306 2150 496 2234 κατανόησις
520 2199 575 2219 ...
596 2153 628 2214 τί
648 2158 708 2232 μέν
730 2149 816 2215 ἐστιν
837 2149 878 2222 ὡς
901 2146 1028 2238 ἀληθῶς
1052 2148 1094 2218 tri
1117 2148 1172 2237 ἀν,

142 2247 159 2314 ὅ
181 2253 227 2338 τῇ
249 2251 371 2317 αὑτοῦ
394 2251 516 2334 φύσει
537 2253 581 2317 τὸ
606 2247 715 2318 εἶναι
742 2253 843 2336 ἔχει,
865 2257 954 2319 τίδὲ
977 2251 1084 2340 τὸμὴ
1108 2249 1169 2336 ἀν,

143 2352 162 2418 δ’
195 2354 230 2420 ἐν
260 2358 304 2441 τῷ
339 2358 482 2420 δοκεῖν
523 2351 630 2422 εἶναι
667 2354 768 2436 μόνον
807 2355 905 2433 ἐστὶν,
944 2351 1172 2423 ἀνυπόστατον

143 2456 213 2538 ἔχον
236 2457 287 2539 ἐφ’
310 2459 427 2524 ἑαυτοῦ
452 2459 510 2544 την
532 2459 676 2542 φύσιν..
696 2457 812 2526 ,οὐδὲν
833 2461 897 2526 τῶν
918 2457 1032 2546 ἀλλων,
1050 2457 1112 2526 ὅσα
1132 2483 1168 2526 τε

142 2564 180 2648 τῇ
217 2561 368 2646 αἰσθήσει
405 2562 678 2645 καταλαμβάνεται
718 2566 769 2628 καὶ
809 2559 872 2628 ὅσα
908 2558 989 2628 κοτά
1027 2563 1170 2630 διάνοιαν
1222 2626 1225 2631 ,

141 2670 324 2746 θεωρείτω,
347 2689 391 2787 την
417 2659 485 2728 ὄντι
506 2661 664 2751 ὑφέστηκε
683 2663 768 2786 πλην
785 2688 839 2790 της
858 2663 1012 2750 ὑπεράνω
1030 2664 1170 2791 ἑστώσης

142 2764 249 2832 οὐσίας
269 2789 321 2830 και
343 2766 444 2838 αἰτίας
466 2792 520 2832 τον
550 2768 683 2839 παντὸς
718 2764 776 2852 ἀφ’
809 2792 845 2854 ης
870 2770 1002 2857 ε’ξηιτται
1031 2769 1069 2834 τὸ
1100 2773 1168 2835 πᾶν

359 2867 540 2943 ,ὡσαύτως
568 2871 643 2950 ἔχον
671 2868 731 2953 ἀεὶ,
762 2867 801 2938 τά
823 2869 964 2954 ἀνανξὲς,
986 2870 1024 2939 τὸ
1045 2871 1168 2957 ἀμείω-

141 2998 207 3054 τον,
229 2971 268 3038 τὸ
292 2975 377 3059 πρὸς
398 2975 507 3039 πᾶσαν
528 2973 710 3060 μεταβολὴν
731 2975 790 3060 την
810 3000 847 3041 τε
869 2971 951 3059 πρὸς
972 2973 1010 3042 τὸ
1025 2987 1170 3062 κρεῖττον

140 3077 271 3162 κοίτην
294 3072 436 3160 πρὸςτὸ
461 3085 571 3160 χεῖρον
592 3076 704 3162 ἐπίσης
734 3074 899 3164 ἀκίνητον·
932 3085 990 3144 τοῦ
1020 3081 1080 3162 μὲν
1109 3079 1168 3162 γὰρ

141 3184 287 3262 χείρονος
310 3175 533 3263 ἠλλοτρίωται·
567 3178 605 3244 τὰ
637 3181 673 3244 δὲ
700 3190 844 3262 κρεῖττον
868 3181 925 3246 οὐκ
948 3181 1021 3260 ἔχει,
1066 3183 1103 3248 τὸ
1133 3185 1170 3248 δὲ

141 3282 263 3354 παντὸς
295 3279 439 3354 ἀνενδεὲς
472 3285 591 3361 ἕτερον,
626 3279 662 3348 τὸ
694 3284 798 3363 μόνον
830 3280 964 3368 ὀρεκτὸν
996 3292 1049 3350 καὶ
1081 3285 1171 3370 παρὰ
1263 3295 1268 3301 ’

41 3393 45 3400 ’
141 3384 264 3458 παντὸς
282 3387 495 3469 μετεχάμενον
518 3440 524 3453 .
544 3439 575 3454 ..
602 3391 654 3465 (of.
678 3391 772 3454 Plato
788 3392 868 3476 Rep.
893 3393 1022 3468 380D).
1064 3391 1168 3455 Τοῦτό

140 3487 247 3563 ἐστινί,
270 3492 435 3577 Nyssenus
458 3494 539 3557 hane
564 3493 724 3557 eoneludit
739 3494 998 3579 disputationem,
1022 3486 1073 3576 ,ὦς
1095 3489 1168 3579 ἀλη-

139 3594 209 3662 θῶς
243 3591 281 3656 τὸ
324 3589 423 3666 ὅντως
461 3591 509 3677 ὅν,
554 3597 605 3658 καὶ
640 3590 660 3680 ἡ
696 3595 812 3660 τούτου
846 3594 1035 3682 κατανόησις
1064 3593 1085 3681 ἡ
1115 3600 1173 3683 της

138 3690 292 3780 ἀληθείας
314 3693 427 3777 γνωσίς
449 3695 555 3765 ἐστινλ,

226 3801 350 3876 Quibus
373 3803 405 3866 in
434 3805 536 3868 verbis
575 3843 613 3849 -
644 3805 815 3890 multisque
849 3808 918 3870 aliis
947 3808 1025 3870 loeis
1055 3809 1172 3872 similia

138 3911 268 3970 exstant
313 3942 351 3950 —-
398 3905 562 3991 Nyssenus
607 3908 686 3971 mihi
723 3909 892 3973 Platonem
930 3917 1057 3976 secutus
1100 3933 1171 3976 esse

136 4006 265 4072 videtur
289 4007 342 4084 (of.
365 4008 471 4094 Rupp,
494 4009 514 4072 l.
538 4032 564 4073 o.
587 4032 617 4094 p.
643 4013 683 4076 28
708 4013 798 4094 seq),
825 4013 934 4095 quiin
958 4012 1039 4097 Rep.
1063 4015 1166 4078 477ss

137 4131 205 4194 seq.
227 4103 284 4192 την
308 4106 454 4172 διάνοιαν
477 4112 508 4174 in
532 4114 746 4194 eognitionem
771 4111 911 4197 (γνῶσις)
935 4122 969 4179 et
987 4116 1172 4200 opinionem

228 4331 250 4401 ¹)
268 4330 311 4385 Of.
333 4332 423 4385 Zsller
443 4331 502 4398 11⁴,
520 4351 548 4402 p.
567 4333 618 4386 637
637 4350 695 4402 seq.
