3042 5084
768 548 979 621 -gg'-

441 723 480 787 In
507 723 598 807 epist.
630 722 714 786 enim
747 724 807 785 135
840 722 910 805 (IV,
934 726 1009 800 512)
1040 723 1080 787 de
1103 723 1246 787 Platonis
1276 747 1383 810 perso·

356 849 468 891 narum
482 825 703 890 disserentium
722 846 782 888 usu
793 824 958 910 disputans
969 827 1049 891 haec
1061 822 1216 911 explicat:
1233 826 1383 908 ,Πλάτων

356 980 364 994 .
388 981 395 994 .
420 980 428 994 .
450 927 489 1012 τῇ
511 923 641 1010 ἐξουσίᾳ
655 925 711 989 τοῦ
725 925 822 1005 λόγου
838 922 917 1005 δμυῦ
932 926 992 1007 μὲν
1006 935 1073 997 τοῖς
1087 929 1226 1007 δόγμασι
1239 927 1384 1014 μάχεται,

357 1026 440 1111 ὁμοῦ
462 1028 499 1094 δὲ
519 1029 571 1092 καὶ
593 1031 834 1113 παρακωμῳδεῐ
845 1024 883 1091 τὰ
899 1028 1073 1111 πρόσωπα,
1092 1029 1307 1118 Θρασυμάχου
1327 1033 1385 1112 μὲν

355 1131 393 1198 τὸ
415 1129 522 1217 δρυσίν
545 1133 596 1195 καὶ
616 1131 731 1211 ἰταμὸν
746 1133 926 1211 διαβάλλων
943 1135 995 1212 (ad
1010 1135 1103 1221 Reip.
1119 1137 1188 1201 libr.
1204 1138 1230 1202 I.
1247 1138 1384 1221 alludit),

352 1232 483 1302 Ἱππίου
506 1235 542 1300 δὲ
564 1231 601 1299 τὸ
625 1235 743 1319 κοῦφον
765 1235 820 1319 τῆς
842 1238 981 1306 διανοίας
1003 1239 1053 1300 καὶ
1075 1237 1191 1313 χαῦνον
1213 1240 1315 1324 (duos,
1331 1244 1383 1327 qui

302 1407 304 1412 ,
359 1364 400 1407 ex
422 1341 543 1426 Hippia
577 1341 718 1425 sophista
751 1341 905 1404 nominati
940 1348 1022 1423 sunt,
1056 1342 1185 1426 respicit
1217 1342 1383 1427 dialogos),

356 1437 576 1526 Πρωταγόρου
600 1439 638 1503 τδ
662 1434 848 1512 ἀλυξονικὸν
875 1443 927 1504 καὶ
956 1438 1132 1522 ὑπέρογκον
1163 1445 1207 1522 (iu
1230 1446 1383 1530 Protag.).

348 1542 453 1611 Ὅπου
496 1545 533 1608 δὲ
575 1539 709 1623 ἀόριστα
742 1538 907 1627 πρόσωπα
941 1541 1105 1623 ἐπεισάγει
1133 1545 1385 1626 τοῖςδιαλόγοις

355 1648 410 1729 τῆς
431 1649 490 1727 μὲν
514 1641 685 1728 εδκρινείας
709 1643 817 1710 ἕνεκεν
839 1646 902 1710 τῶν
924 1646 1120 1727 πραγμάτων
1141 1643 1290 1733 κέχρηται
1320 1657 1384 1719 τοῖς

355 1750 682 1832 προσδιαλεγομένοις,
713 1742 807 1813 οὐδέν
836 1746 874 1813 δὲ
901 1745 1011 1831 ἕτερον
1040 1747 1074 1812 ἐκ
1101 1752 1166 1812 των
1194 1752 1383 1830 προσώπων·

269 1922 271 1925 ,
355 1853 558 1918 inaccusata
588 1862 655 1924 ταῖς
692 1851 900 1920 ὑποθέσεσιν.
950 1848 1031 1937 ὅπερ
1062 1853 1215 1939 ἐποίησεν
1248 1853 1282 1919 έν
1318 1865 1384 1927 τοῖς

355 1962 390 2020 Ν
393 1955 413 2019 ό
419 1957 527 2034 μοις]
571 1959 615 2022 Et
632 1958 715 2022 hano
730 1959 874 2021 Platonis
890 1959 1152 2026 consuetudinem
1167 1959 1383 2044 recipiendam

356 2083 426 2126 esse
450 2063 527 2126 dicit
547 2063 581 2125 iu
604 2061 737 2146 dialogis
760 2057 945 2125 scribendis.

441 2165 564 2240 Quibus
588 2187 628 2229 ex
650 2149 766 2248 verbis,
789 2185 982 2249 quamquam
1004 2166 1090 2228 nullo
1119 2173 1285 2250 praeterea
1314 2168 1383 2231 loco

356 2269 397 2332 ad
419 2269 489 2332 illos
512 2269 654 2353 dialogos
677 2269 804 2332 Basilus
821 2268 961 2333 alludere
976 2269 1110 2352 videtur,
1127 2276 1234 2334 tamen
1250 2278 1383 2355 apparet

355 2393 428 2436 eum
457 2373 600 2436 Platonis
630 2373 745 2457 Leges,
776 2373 984 2456 Protagoram
1013 2372 1155 2459 duosque
1189 2396 1231 2438 ex
1260 2374 1380 2458 Hippia

354 2475 533 2539 nominatos
557 2473 698 2558 dialogos
724 2475 865 2557 legisse,
882 2496 956 2537 nam
986 2475 1114 2538 aliunde
1145 2497 1219 2540 eum
1240 2476 1310 2539 illas
1343 2475 1383 2541 de

353 2577 496 2641 Platonis
536 2598 744 2661 personarum
778 2599 838 2641 usu
872 2579 1046 2642 sententias
1087 2581 1259 2664 sumpsisse
1302 2581 1383 2643 veri-

356 2682 458 2746 simile
481 2703 545 2745 non
565 2686 622 2745 est.

441 2784 581 2849 Exstant
603 2790 769 2869 praeterea
792 2786 954 2868 nonnulla,
983 2807 1065 2869 quae
1096 2793 1274 2870 congruunt
1300 2787 1384 2850 inter

354 2889 524 2952 Platonem
538 2889 769 2972 Basiliumque.
813 2889 852 2951 ln
865 2902 1021 2953 'sermone
1044 2888 1084 2952 de
1107 2890 1167 2972 leg.
1191 2890 1260 2953 libr.
1280 2892 1382 2972 genti·

353 2993 431 3055 lium
462 2992 524 3075 III,
556 2991 665 3057 581A
707 2994 745 3055 13
774 2997 884 3055 notam
911 2991 1072 3076 quandam
1102 2991 1141 3056 de
1170 2992 1276 3055 Danai
1309 2992 1381 3067 filiis

354 3095 448 3159 affert
470 3095 629 3159 fabulam:
654 3093 728 3173 ,τῶν
752 3090 787 3155 ἐν
802 3088 918 3156 Ἅιδου
939 3093 1160 3172 κολαζομένων
1182 3085 1274 3155 οὐδὲν
1300 3089 1378 3156 πάσ-

351 3219 461 3273 χοντες
475 3189 694 3278 ἀνεκτότερον,
708 3191 846 3273 ἀτεχνῶς
861 3191 906 3266 εἰς
920 3196 985 3278 πῦρ
1001 3195 1165 3276 ξαίνοντες,
1177 3199 1228 3259 καὶ
1243 3201 1379 3281 κοσκίνῳ

353 3304 502 3381 φέροντες
524 3291 609 3379 ὕδωρ
630 3299 682 3362 καὶ
698 3298 735 3362 εἰ
740 3322 755 3370 ς
770 3305 1016 3384 τετρημένον
1032 3295 1216 3384 ἠντλοῦντες
1232 3303 1378 3366 πίθον]

437 3404 489 3468 Ad
513 3403 649 3469 eandem
665 3404 807 3468 fabulam
822 3403 915 3467 Plato
938 3404 987 3481 bis
1002 3403 1130 3468 alludit:
1152 3403 1234 3489 Rep.
1258 3405 1379 3468 363D:

352 3502 433 3584 ,τοὺς
465 3499 616 3575 ἀνοσίους
646 3557 653 3572 .
679 3556 716 3570 ..
755 3502 801 3575 εἰς
841 3501 945 3590 πηλόν
985 3526 1057 3567 τινα
1096 3501 1302 3587 κορύντουσιν
1343 3502 1380 3568 έν

344 3602 464 3672 ’Ἀιδον
493 3610 545 3671 καὶ
573 3613 709 3693 κοσκίνῳ
737 3603 825 3691 ὕδωρ
855 3601 1089 3688 ἀναγκάζουσιν
1117 3612 1250 3690 φέρεινί,
1280 3616 1313 3673 et
1346 3611 1380 3673 in

354 3713 450 3797 Gorg.
474 3714 590 3778 493B:
614 3713 689 3790 ,τῶν
717 3709 751 3774 έν
774 3702 880 3775 Ἄιδου
903 3761 910 3776 .
934 3765 942 3778 ,
967 3764 974 3778 .
999 3697 1089 3774 οὗτοι
1116 3705 1312 3773 ἀθλιώτατοι
1340 3704 1381 3773 ἀν

351 3806 416 3877 εἶεν
438 3812 467 3878 οἱ
487 3807 623 3896 ἀμύητοι
653 3816 704 3877 καὶ
737 3822 909 3898 φοροῑεν
939 3813 996 3884 εἰς
1025 3808 1097 3877 τὸν
1125 3819 1378 3897 τετρημένον

351 3919 480 3979 πίθον
504 3907 607 3999 ὕδωρ
630 3914 881 4002 disponerentur
911 3923 1091 4000 τετρημένον
1122 3921 1275 4000 κοσκίνῳέ
1313 3918 1377 3983 Sed

351 4042 544 4107 quamquam
566 4021 640 4086 illae
666 4022 802 4105 Gorgiae
825 4023 924 4086 verba
946 4022 1040 4106 plane
1069 4022 1184 4086 similia
1213 4028 1288 4085 sunt
1316 4022 1379 4085 illis

350 4124 531 4207 Basilianis,
566 4129 673 4188 tamen
707 4124 863 4189 Basiliam
896 4125 938 4187 ad
969 4146 1008 4188 ca
1046 4125 1148 4189 redire
1186 4145 1251 4187 non
1291 4131 1378 4208 puto.

351 4228 435 4291 Nam
452 4228 560 4291 fabula
582 4227 636 4290 illa
652 4228 797 4291 Platonis
819 4228 924 4292 verbis
948 4249 1100 4313 expressa
1123 4227 1164 4291 ad
1187 4227 1266 4291 alios
1282 4228 1379 4312 scrip·

353 4336 437 4395 tores
458 4331 663 4417 permanasse
685 4335 717 4394 et
731 4330 888 4416 proverbii
906 4331 974 4394 looo
991 4335 1144 4416 usurpata
1158 4351 1229 4394 esse
1244 4329 1378 4394 videtur.
