3042 5084
582 572 792 634 -57-

174 743 257 805 tione
271 747 381 805 contra
393 741 586 804 haereticum
602 741 762 825 quendam
775 748 890 824 exstat,
898 741 1003 825 colligi
1014 759 1079 801 non
1090 743 1196 821 potest

176 844 364 927 Gregorium
380 843 461 906 banc
478 844 620 907 Platonis
636 846 827 919 sententiam
843 865 907 907 non
923 865 963 908 ex
976 843 1119 924 Timaeo,
1135 841 1192 905 sed

171 946 297 1010 aliunde
333 947 515 1030 sumpsisse.
566 947 738 1010 Praeterea
772 949 857 1010 enim
891 948 1043 1010 nonnulla
1075 947 1197 1009 inveni·

171 1055 273 1131 untur,
296 1071 377 1134 quae
393 1050 477 1114 illam
495 1049 647 1112 adiuvent
662 1051 844 1134 opinionem
862 1051 1050 1133 Gregorium
1068 1050 1195 1113 novisse

172 1153 314 1234 Platonis
339 1153 517 1217 Timaeum.

254 1256 290 1319 ln
321 1256 400 1319 libro
430 1256 513 1319 enim
545 1256 584 1320 de
614 1257 750 1320 bominis
784 1258 912 1342 opificio
945 1279 1017 1320 cum
1052 1258 1194 1320 animum

169 1380 224 1442 per
246 1379 358 1422 sensus
381 1379 488 1422 meare
513 1365 545 1422 et
568 1367 633 1422 toto
658 1380 788 1444 corpore
812 1359 905 1422 simul
928 1348 1095 1423 eflicacem
1126 1379 1197 1422 esse

169 1460 256 1542 dixit,
286 1481 340 1523 eos
364 1481 468 1524 errore
492 1469 600 1545 captos
624 1483 693 1526 esse
717 1463 856 1546 explicat
880 1462 918 1542 (I,
944 1461 1051 1537 1560)
1076 1462 1139 1544 ,qui
1163 1463 1196 1524 in

168 1563 260 1627 corde
284 1564 382 1626 animi
406 1565 615 1648 principatum
640 1585 709 1628 esse
733 1564 841 1629 dicant
864 1558 925 1642 (μό
949 1556 1140 1645 ἡγεμονικὸν
1162 1559 1197 1623 ἐν

166 1663 284 1748 ιιαρδιίγι
315 1687 384 1730 esse
409 1667 507 1730 Stoici
534 1667 674 1742 aiebant)
705 1667 821 1751 quique
855 1666 888 1729 in
919 1667 1060 1730 cerebro.
1105 1666 1195 1740 Quos

168 1769 343 1832 accuratius
367 1770 484 1832 refutat
506 1770 537 1833 D
562 1773 580 1834 6
612 1791 694 1853 seq.:
729 1765 770 1850 ,οἱ
801 1761 860 1828 τὸν
891 1763 1066 1848 ἐγκέφαλον
1097 1760 1193 1849 ἀφιε-

169 1871 295 1944 ροῦντες
312 1870 354 1953 τῷ
369 1869 508 1953 λογισμῷ
525 1862 665 1949 ὥσπερ
681 1863 906 1950 ἀκρόπολίν
921 1891 1010 1931 τινα
1030 1871 1085 1931 τοῦ
1108 1889 1195 1931 παν-

166 1970 222 2042 τὸς
244 1969 387 2051 σώματος
409 1965 467 2057 τὴν
488 1967 626 2056 κεφαλὴν
647 1973 853 2055 δεδομήσθαι
874 1966 965 2052 παρὰ
989 1975 1043 2054 σῆς
1065 1970 1194 2054 φύσεως

166 2076 319 2153 λέγουσιν,
350 2071 482 2140 ἐνοικεῖν
512 2078 551 2139 δέ
569 2073 667 2162 ταύτῃ
694 2073 844 2156 καθάπερ
873 2073 944 2138 ιιυά
972 2077 1119 2153 βασιλέα·
1134 2074 1193 2138 τὸν

167 2179 243 2242 νοῦν
264 2169 330 2240 οἷόν
354 2195 435 2242 τισιν
465 2171 710 2262 α’γγιλιαφόρσις
742 2172 760 2263 ἢ
787 2175 1006 2248 ὑπασπισταῖς
1033 2186 1100 2248 τοῖς
1128 2177 1195 2241 αἰσ-

167 2283 350 2366 &conploret

252 2386 376 2450 Eadem
399 2387 548 2471 imagine,
572 2410 634 2472 qua
657 2394 753 2472 caput
780 2401 981 2472 comparatur
1009 2409 1081 2451 cum
1112 2407 1194 2470 arce,

166 2511 240 2554 usus
265 2495 314 2553 est
335 2490 427 2554 Plato
451 2489 484 2553 in
507 2490 590 2554 Tim.
616 2491 705 2573 ron,
729 2511 791 2575 quo
813 2491 882 2553 loco
905 2491 1037 2574 singulis
1067 2490 1193 2553 animae

165 2593 308 2676 partibus
331 2614 404 2656 suos
428 2594 570 2677 assignat
603 2595 704 2658 locos:
740 2594 926 2657 rationalem
955 2600 1077 2677 partem
1107 2594 1192 2656 locat

165 2695 197 2757 in
221 2696 335 2778 capite,
358 2695 547 2758 irascibilem
576 2697 607 2758 in
643 2703 780 2780 pectore,
813 2695 1091 2780 concupiscibilem
1120 2717 1194 2759 vero

164 2799 197 2860 in
220 2803 340 2860 ventre.
385 2797 434 2860 Ea
457 2805 564 2860 autern
589 2799 628 2862 de
653 2800 852 2862 causa'iram
876 2800 1005 2883 propius
1028 2798 1069 2861 ed
1099 2805 1195 2882 caput

164 2900 246 2963 locat
271 2937 309 2946 -
333 2896 393 2972 ,ἵνα
416 2950 422 2963 .
449 2951 455 2965 .
480 2948 487 2962 .
516 2899 603 2983 κοινῇ
624 2901 692 2978 μοι’
714 2897 835 2963 ἐκείνου
852 2907 910 2980 (sc.
939 2900 1047 2980 loyor)
1069 2904 1125 2984 βίᾳ
1153 2899 1191 2963 τὸ

163 3003 226 3065 τῶν
247 2999 433 3081 ἐπιθυμιῶν
456 3005 580 3078 κατέχοι
602 3007 696 3081 γένος,
724 2993 819 3065 ὅποτ’
841 3005 881 3064 ἐκ
902 3003 972 3085 τῆς
1005 2993 1194 3085 ἀκροπό-

164 3103 261 3173 λεως
299 3108 354 3182 (sc.
390 3103 542 3190 κεφαλῆς)
570 3104 614 3186 τῷ
645 3101 835 3184 ἐπιτάγμασι
862 3107 913 3167 καὶ
946 3103 1029 3189 λόγῳ
1062 3106 1193 3188 μηδαμῇ

163 3211 342 3270 πείθεσθαι
366 3201 440 3270 dada
462 3205 592 3272 ἐθέλοι]

250 3311 314 3374 Sed
338 3312 428 3396 plura
452 3313 548 3375 etiarn
571 3334 610 3375 ex
636 3317 700 3374 toto
724 3312 783 3375 hoc
801 3312 925 3376 Timaei
940 3313 1009 3375 loco
1025 3313 1189 3396 Nyssenus

164 3415 336 3497 sumpsisse
359 3413 492 3478 videtur.
538 3415 631 3478 Plato
655 3414 741 3477 enim
763 3413 837 3477 inde
861 3436 880 3477 a
902 3435 974 3498 pag.
1000 3415 1074 3478 690
1091 3413 1187 3477 deum

164 3508 211 3594 ,τὰ
237 3515 320 3576 :teio‘
337 3517 441 3600 ipsum
458 3538 582 3580 creasse
600 3518 739 3601 exponit.
763 3515 835 3592 ,τῶν
857 3515 891 3577 δὲ
909 3516 1056 3599 θυσιῶν,
1072 3517 1186 3600 pergit,

164 3609 230 3700 μὴν
251 3621 375 3696 γένεσιν
405 3625 472 3686 τοῖς
503 3616 618 3681 ἐαυιοῦ
653 3615 828 3702 γεννήμασι
851 3619 1054 3701 δημιουργεῖν
1085 3602 1193 3701 προσ-

164 3723 281 3793 έταξεν.
324 3719 354 3782 ολ
378 3720 414 3784 δέ
449 3718 640 3802 μιμούμενοι
676 3719 915 3803 παραλαβόντες
950 3714 1050 3803 ἀρχὴν
1087 3722 1192 3804 ψυχῆς

163 3813 334 3896 ἀθάνατον,
359 3822 396 3885 τὸ
419 3823 500 3903 perd
524 3826 619 3886 ιοῦιο
642 3817 765 3908 θυιγιέυ
784 3828 875 3905 σῶμα
905 3817 986 3908 αὐτῇ
1014 3821 1190 3905 παριστόρ-

164 3941 280 3988 υευσαν
303 3921 436 4010 ὄχημα
457 3948 502 3990 σε
524 3925 606 3989 πᾶν
629 3922 665 3990 ad
691 3929 797 4007 σῶμα
819 3924 936 3990 ἔδοσαν
965 3924 1078 4014 ἄλλοσε
1106 3918 1190 3995 εἶδος

163 4025 198 4091 ἐν
221 4021 305 4112 αὐτῷ
328 4030 433 4114 ψυχῆς
460 4027 741 4115 προσῳκοδόμουν
771 4029 809 4093 τό
844 4027 976 4114 θνητὸν,
1007 4024 1096 4093 δεινὰ
1120 4082 1127 4096 .
1151 4079 1158 4094 .
1183 4078 1190 4093 .

90 4172 94 4182 ,
163 4129 196 4194 ἐν
219 4130 323 4216 ἐαυτῷ
347 4133 524 4217 παθήματα
546 4130 631 4214 ἔχου,
652 4131 856 4214 πρῶτονμὲν
872 4129 1023 4217 ἡδονὴν
1043 4139 1192 4212 μέγισ-

163 4259 231 4298 σου
253 4236 379 4310 nanos}
401 4238 567 4316 deleam‘

256 4341 301 4404 Ut
322 4341 410 4404 illam
427 4341 571 4406 Platonis
594 4343 796 4425 sententiam,
819 4342 915 4407 deum
938 4342 1057 4406 scilicet
1071 4348 1192 4406 ceteros
