3042 5084
777 543 987 604 ..25-

456 709 536 780 Inde
560 711 645 774 enim
669 731 689 772 a
710 731 784 794 pag.
810 713 847 773 61
863 711 890 772 Β
914 713 933 772 5
956 711 1034 774 haee
1057 710 1204 794 exponit:
1233 709 1275 792 ,εί
1293 709 1353 789 μὲν
1376 707 1397 771 ό

369 807 462 889 λόγος
494 859 502 875 .
534 860 541 876 .
571 861 578 876 .
608 809 671 874 univ
700 809 822 882 ἔξωθεν
854 808 1126 892 ἐπεισκριθίντιον
1155 814 1234 890 (irae
1256 821 1289 877 et
1310 815 1398 898 eupi-

373 914 467 990 dinis)
495 909 555 996 ἰὴν
583 906 750 997 ἡγεμονίαν
780 911 847 990 ἔχοι
876 967 883 982 ,
908 965 915 981 .
941 963 949 979 .
978 909 1034 977 οόκ
1062 909 1103 977 ἄν
1124 937 1154 977 τι
1183 910 1269 994 πρός
1290 923 1397 985 κακίας

370 1009 550 1100 ὑπηρεσίαν
584 1015 647 1078 τῶν
684 1013 835 1080 ιοιοότιον
873 1011 1055 1100 κινημάτων
1093 1011 1170 1100 ἡμῖν
1209 1014 1398 1103 όνεργόσειε,

370 1171 377 1185 .
402 1170 409 1185 .
434 1169 441 1183 .
471 1116 503 1182 εἰ
528 1117 565 1181 δὲ
590 1111 772 1200 όποβάλλοι
800 1117 855 1189 τὰς
879 1113 968 1203 ἡνίας
991 1115 1009 1180 ό
1032 1117 1140 1198 λόγος,
1172 1120 1225 1183 καὶ
1253 1107 1322 1182 οἷόν
1352 1141 1398 1190 τις

372 1218 496 1305 ἡνίοχος
517 1219 688 1304 ἐμπλακεῑς
709 1220 753 1306 aqi
775 1215 894 1304 ἅρματι
915 1223 1055 1286 κατόπιν
1077 1218 1131 1286 ὑπ’
1154 1215 1250 1286 unitari
1269 1221 1399 1303 οόροικο

370 1323 435 1390 ἐκεῖ
465 1319 686 1404 ἀπαγόμενος,
727 1319 875 1404 ὅπουπερ
907 1319 947 1388 ἄν
982 1318 1001 1410 ἡ
1034 1321 1148 1405 ἄλογος
1176 1319 1297 1410 κίνησις
1334 1326 1400 1389 τῶν

370 1424 612 1508 όπεζενγμίναν
634 1436 730 1514 με’ρῃ,
755 1428 831 1492 ιόιε
854 1427 899 1500 εἰς
919 1426 1027 1500 πάθος
1048 1428 1081 1492 αλ
1102 1424 1201 1509 όρμαλ
1222 1434 1401 1510 κατασιρέ-

371 1553 494 1613 φόνιαι.

455 1636 577 1709 Quibus
600 1637 704 1700 verbis
725 1637 916 1720 Gregorium
941 1647 1086 1722 apertum
1108 1644 1158 1700 est
1180 1639 1336 1721 respicere
1355 1638 1400 1701 ad

372 1739 515 1802 Platonis
539 1739 741 1822 sententiam,
765 1740 817 1823 qui
842 1740 921 1802 diras
945 1740 1076 1803 rationis
1099 1746 1246 1824 expertes
1269 1741 1399 1804 animae

370 1849 475 1926 partes
498 1842 579 1924 bigis
603 1853 767 1927 comparat
789 1845 821 1906 in
847 1843 993 1907 Phaedro
1018 1842 1104 1920 (inde
1128 1865 1147 1906 a
1169 1865 1242 1928 pag.
1265 1847 1328 1908 ‘246
1355 1883 1396 1888 --

369 1946 523 2030 imprimis
552 1946 652 2009 2530
677 1949 768 2030 seq).
826 1949 957 2020 luarum
987 1947 1174 2010 facultatum
1205 1947 1316 2030 auriga
1345 1960 1400 2010 est

370 2049 466 2130 ratio;
488 2049 601 2112 melior
622 2071 732 2132 equus,
755 2050 809 2133 qui
832 2050 955 2113 facilius
978 2050 1092 2113 rationi
1115 2050 1315 2133 obtemperat
1342 2051 1392 2112 ira

368 2159 417 2214 est
441 2187 478 2196 -
509 2144 539 2226 ,ό
569 2147 607 2212 dd
634 2145 730 2233 κάκης
758 2148 862 2221 ἵππος
889 2153 1049 2233 μειόχιονί,
1078 2159 1115 2214 ut
1146 2151 1290 2214 Platonis
1320 2157 1396 2214 utar
1497 2152 1498 2225 J

369 2253 475 2317 verbis
500 2256 575 2328 (347
587 2254 642 2334 Β),
666 2253 780 2336 eupido
805 2255 858 2330 (of.
881 2256 944 2318 248
956 2254 1011 2329 Α).
1497 2238 1498 2257 Χ

457 2357 590 2440 Saepius
621 2357 704 2440 apud
729 2357 916 2440 Gregorium
951 2357 1110 2420 simillima
1140 2378 1222 2440 quae
1252 2357 1292 2420 ad
1315 2358 1399 2420 hano

369 2459 506 2523 Phaedri
528 2461 700 2543 imaginem
723 2459 857 2523 redeunt
879 2460 976 2523 verba
997 2460 1216 2524 inveniuntur:
1246 2461 1271 2543 l,
1294 2459 1397 2525 3610

275 2583 276 2588 ¹
371 2568 409 2628 10
432 2585 515 2647 seq.;
547 2563 572 2645 1,
597 2563 716 2645 47703
749 2564 871 2644 7051);
900 2563 961 2644 ΙΙΙ,
992 2562 1095 2627 4041)
1128 2601 1168 2608 -
1196 2568 1229 2626 et
1257 2564 1397 2626 maxime

346 2671 353 2680 '
368 2667 394 2748 l,
410 2669 472 2729 353
486 2666 511 2729 Ο
529 2668 547 2727 5
565 2687 641 2749 seq,
665 2686 728 2750 quo
751 2666 820 2729 loeo
846 2658 863 2744 ό,
880 2659 1002 2737 ἔξωθεν
1016 2665 1194 2739 παίδευσις,
1217 2667 1237 2730 i.
1253 2687 1281 2731 e.
1294 2667 1397 2746 Plato,

368 2776 404 2832 ut
424 2769 518 2831 huius
542 2769 693 2852 imaginis
716 2775 827 2832 auctor
849 2775 1125 2834 commemoratur.

453 2873 637 2936 Basilius
660 2874 829 2937 manifeste
852 2872 893 2936 ad
909 2873 962 2935 illa
978 2873 1090 2935 alludit
1103 2872 1201 2937 verba
1216 2873 1276 2955 ΙΙΙ,
1293 2873 1394 2937 584ss
1496 2942 1497 2953 ¹

372 2979 409 3040 12
433 2974 505 3058 ,πᾶν
529 2975 651 3057 (σῶμα)
676 3023 732 3039 ...
756 2970 897 3044 κολάζειν
918 2975 969 3036 καὶ
984 2978 1125 3050 καιέχειν
1140 2967 1254 3054 ὥσπερ
1270 2978 1389 3057 θηρίου

359 3071 427 3147 ’τός
451 3071 553 3157 όρμὰς
573 3078 719 3159 προσῆκε
741 3075 794 3140 καλ
814 3073 889 3147 νοός
909 3066 966 3138 ἀπ’
989 3071 1088 3139 αόιοῦ
1111 3076 1269 3158 θορύβους
1283 3072 1396 3156 ἐγγινο·
1496 3066 1497 3099 l

367 3185 482 3259 μόνους
513 3182 552 3264 τῇ
589 3182 676 3265 ψυχῇ
707 3178 806 3242 οἱονεὶ
832 3174 960 3258 μα’σιιγι
988 3180 1034 3262 aqi
1059 3177 1197 3263 λογισμῷ
1225 3182 1396 3241 καθικνου-

367 3286 483 3362 μένονς
510 3282 674 3362 κοιμίζειν,
697 3277 776 3345 ἀλλὰ
797 3279 840 3364 μό,
865 3281 971 3344 πάνια
1000 3278 1131 3359 χαλινόν
1159 3276 1274 3364 ἡδονῆς
1302 3274 1396 3343 ἀνέν-

366 3405 425 3454 τος
458 3385 617 3468 περιορᾷν
650 3379 709 3446 τὸν
741 3386 819 3446 νοῦν
850 3377 961 3464 ὥσπερ
990 3377 1119 3467 ἡνίοχον
1147 3379 1213 3445 sind
1238 3382 1397 3468 όυσηνίων

367 3486 479 3549 ἵππιον
501 3475 590 3568 όβρεν
613 3493 803 3568 φερομένων
826 3484 1097 3566 παρασυρόμενον
1118 3479 1279 3564 ἄγεσθαί.

452 3591 740 3654 Nazianzenus
756 3591 893 3674 denique
909 3613 967 3675 per
979 3597 1081 3653 totum
1092 3589 1252 3674 quoddam
1265 3611 1393 3653 oarrnen

370 3694 443 3776 (Ill,
474 3695 568 3770 1382)
602 3693 688 3755 illam
718 3694 860 3756 imitatus
890 3700 939 3756 est
968 3693 1111 3756 Platonis
1144 3693 1394 3756 similitudinem.

369 3795 433 3860 Sed
457 3800 565 3859 exstat
595 3794 765 3859 discrimen
795 3796 933 3879 aliquod.
978 3796 1071 3859 Plato
1100 3796 1184 3859 enim
1215 3802 1299 3859 reete
1329 3795 1395 3858 ani-

368 3920 453 3962 mam
490 3897 723 3982 gubemautem
756 3898 913 3982 intellegit
945 3900 1013 3963 eius
1046 3899 1234 3962 rationalem
1263 3904 1395 3982 partem,

372 4000 545 4083 Gregorius
569 4005 679 4063 eontra
701 3999 783 4064 hano
811 4001 1050 4064 similitudinem
1080 4001 1170 4084 quasi
1200 3997 1396 4062 confundens

369 4109 435 4167 tres
458 4103 527 4166 illos
551 4102 677 4166 animae
699 4110 807 4187 partes
830 4110 866 4166 ut
888 4125 985 4187 equos
1009 4110 1072 4167 tres
1095 4125 1114 4166 a
1137 4108 1203 4165 tota
1226 4102 1333 4166 anima
1348 4102 1396 4165 vel

367 4208 508 4289 homine,
546 4213 581 4270 ut
613 4206 747 4290 videtur,
778 4207 846 4289 regi
876 4208 1016 4290 exponit,
1045 4207 1248 4289 animamque
1278 4210 1398 4285 monet,

372 4317 408 4374 ut
433 4311 604 4396 imperium
628 4331 721 4374 omne
745 4311 923 4374 committat
943 4310 1061 4385 rationi¹
1079 4316 1112 4374 et
1132 4308 1296 4373 libidinem
1316 4328 1399 4372 eom-
