3042 5084
767 548 977 610 „25-

446 716 525 787 Inde
551 717 635 780 enim
659 737 774 800 apag.
800 717 880 779 6113
904 718 923 777 5
946 716 1024 779 haec
1048 715 1194 798 exponit:
1223 713 1265 797 ,εἰ
1283 713 1343 793 μὲν
1369 711 1392 776 o‘

359 815 452 895 λόγος
484 865 492 881 .
524 866 531 882 .
561 867 567 883 .
598 815 661 880 τῶν
690 815 811 888 ἔξωθεν
844 814 1116 898 ἐπεισκριθένττιν
1146 819 1224 894 (irae
1246 825 1279 882 ot
1300 819 1393 903 cupi·

363 920 457 996 dinis)
486 915 545 1002 τὴν
573 913 740 1003 ἡγεμονίαν
770 917 837 996 ἔχοι
867 972 873 986 .
898 971 905 986 .
932 967 939 984 .
969 914 1024 982 οὐκ
1051 913 1092 982 άν
1113 942 1144 982 τι
1174 914 1259 999 πρὸς
1281 927 1394 990 κακίας

360 1016 540 1107 ὑπηρεσίαν
574 1021 637 1085 τῶν
674 1019 825 1086 τοιούτων
863 1017 1045 1106 κινημάτων·
1084 1016 1160 1105 ἡμῖν
1199 1018 1394 1107 ἐνεργήσειε,

360 1177 367 1192 .
393 1177 400 1192 .
424 1175 431 1190 .
462 1123 493 1188 εἰ
518 1123 555 1188 δὲ
581 1118 762 1206 άποβάλλοι
790 1123 845 1194 τάς
870 1119 958 1208 ἡνίας
981 1120 999 1186 o‘
1022 1121 1130 1203 λόγος,
1162 1125 1215 1188 καλ
1243 1112 1313 1187 οἷόν
1343 1146 1394 1194 τις

362 1224 487 1311 ἡνίοχος
508 1225 679 1308 ἐμπλακεῑς
699 1226 743 1312 τῷ
765 1221 884 1310 άρμοτι
905 1228 1045 1292 κατόπιν
1068 1223 1121 1291 ὑπ’
1144 1220 1240 1291 orituri
1259 1226 1394 1308 ariperto

360 1328 426 1396 ἐκεῖ
455 1325 677 1411 ἀπαγόμενος,
717 1325 865 1410 ὅπουπερ
898 1324 938 1394 dv
972 1322 992 1414 ἡ
1025 1326 1138 1410 ἄλογος
1166 1325 1287 1415 κίνησις
1325 1330 1394 1394 τῶν

361 1431 603 1513 ὑπεζευγμένων
625 1442 721 1520 γε’ρῃ,
745 1434 822 1498 τότε
844 1433 889 1505 εἰς
910 1431 1017 1504 πάθος
1039 1433 1071 1496 αὶ
1092 1429 1191 1514 ὁρμαὶ
1211 1439 1394 1514 καταστρέ-

361 1559 485 1619 porros.

446 1641 568 1715 Quibus
589 1643 694 1705 verbis
716 1643 907 1726 Gregorium
931 1650 1076 1726 apertum
1099 1648 1148 1705 ost
1170 1642 1326 1725 respicere
1346 1642 1391 1705 ad

363 1744 506 1808 Platonis
530 1745 731 1827 sententiam,
755 1746 808 1828 qui
833 1745 912 1808 duas
935 1745 1066 1808 rationis
1089 1751 1237 1828 exportes
1260 1745 1389 1807 animae

360 1855 465 1933 partes
489 1848 570 1931 bigis
593 1855 757 1932 comparat
779 1850 811 1911 in
837 1849 984 1912 Phaedro
1008 1849 1095 1925 (inde
1118 1870 1138 1911 a
1160 1869 1232 1932 pag.
1256 1851 1318 1912 246
1345 1887 1385 1892 --

360 1952 514 2036 imprimis
543 1952 643 2015 2530
668 1955 758 2035 seq).
804 1953 947 2025 Quarum
978 1952 1165 2015 facultatum
1196 1952 1307 2034 auriga
1335 1959 1390 2015 est

249 2107 253 2114 .
359 2055 456 2138 ratio3
480 2055 591 2118 melior
613 2077 723 2138 equus,
745 2056 800 2139 qui
822 2055 946 2118 facilius
968 2055 1083 2118 rationi
1106 2055 1305 2138 obtemperat
1332 2055 1379 2117 ira

359 2165 408 2221 est
432 2195 469 2202 —
500 2150 530 2233 ,ά
560 2154 598 2218 δὲ
625 2151 721 2239 κάκης
749 2154 853 2226 ἵππος
879 2160 1040 2238 μετέχον,
1068 2162 1105 2220 ut
1137 2156 1281 2220 Platonis
1311 2162 1385 2219 utar

360 2259 466 2324 vorbis
491 2261 566 2336 (⁴247
578 2259 632 2342 Β),
656 2259 771 2342 cupido
796 2260 848 2336 (of.
872 2261 935 2323 248
947 2259 1002 2334 Α).

448 2363 581 2446 Saepius
611 2362 695 2446 apud
719 2363 908 2446 Gregorium
942 2362 1102 2425 simillima
1131 2384 1213 2446 quae
1243 2362 1283 2425 ad
1306 2363 1387 2425 hanc

360 2465 496 2529 Phaedri
519 2466 691 2549 imaginem
714 2464 849 2529 redeunt
870 2465 967 2528 verba
988 2465 1207 2529 inveniuntur:
1236 2466 1262 2548 l,
1285 2464 1385 2530 3610

362 2572 400 2634 lo
424 2591 506 2652 seq.;
538 2569 564 2651 1,
588 2568 707 2652 47703
740 2569 861 2651 7051);
891 2568 952 2649 111,
982 2567 1086 2632 roro
1119 2605 1158 2613 -
1187 2574 1220 2631 et
1247 2569 1385 2631 maxime

337 2673 385 2755 Ἰ,
402 2672 502 2737 3530
520 2674 538 2733 5
556 2693 632 2755 seq,
657 2692 719 2755 quo
742 2672 811 2734 loco
837 2663 854 2750 ί,
871 2665 992 2742 ἔξωθεν
1007 2669 1185 2744 παίδευσις,
1208 2671 1228 2734 i.
1244 2692 1272 2736 e.
1285 2671 1386 2751 Plato,

359 2782 395 2838 ut
416 2775 509 2838 huius
533 2774 684 2858 imaginis
707 2781 818 2838 auctor
840 2780 1116 2838 commemoratur.

444 2879 628 2943 Basilius
651 2879 820 2942 manifeste
843 2878 884 2942 ad
899 2878 954 2941 illa
969 2877 1081 2940 alludit
1095 2878 1192 2942 verba
1207 2878 1268 2960 lll,
1284 2878 1385 2942 584ss

362 2986 400 3047 12
423 2981 496 3063 ,πάν
520 2982 642 3062 (σῶμα)
668 3028 723 3044 ...
747 2975 888 3049 κολάζειν
909 2980 960 3041 καὶ
975 2983 1117 3054 κατέχειν
1132 2972 1245 3058 ὥσπερ
1261 2983 1380 3061 θηρίον

350 3077 418 3153 ’τάς
442 3077 544 3163 ὁρμὰς
565 3083 711 3164 προσῆκε
732 3081 785 3145 καὶ
806 3078 880 3152 τοίς
900 3071 957 3143 άπ’
980 3076 1079 3143 αὐτοῦ
1102 3081 1261 3162 θορύβους
1275 3077 1387 3161 ἑγγινο·

358 3190 473 3265 μένους
504 3187 543 3270 τῇ
580 3187 667 3270 ψυχῇ
699 3183 797 3248 οἱονεὶ
823 3179 951 3263 μάστιγι
980 3184 1025 3267 τῷ
1050 3182 1188 3267 λογισμῷ
1216 3187 1388 3246 καθικνου-

357 3292 474 3369 μένονς
501 3288 666 3368 κοιμίζειν,
688 3282 768 3350 άλλά
789 3283 832 3368 μί,
856 3286 963 3348 πάντα
991 3283 1122 3362 χαλινὸν
1151 3281 1265 3369 ἡδονῆς
1293 3279 1387 3348 άνέν-

357 3411 416 3461 τας
449 3391 609 3474 περιορᾷν
641 3384 701 3452 τὸν
733 3391 811 3451 νοῦν
841 3382 952 3470 ὥσπερ
982 3382 1111 3472 ἡνίοχον
1139 3384 1204 3451 ὑπὸ
1229 3388 1387 3471 δνσηνίιον

358 3493 470 3556 ἵππων
492 3481 581 3575 άβρει
604 3498 795 3575 φερομένων
818 3490 1088 3571 παρασοράμενον
1110 3484 1270 3569 ἄγεσθαί.

443 3599 731 3661 Nazianzenus
748 3596 885 3679 denique
901 3617 959 3679 per
971 3602 1072 3658 totum
1084 3594 1244 3678 quoddam
1256 3616 1384 3658 carmen

362 3701 434 3784 (ΠΙ,
465 3702 559 3776 1382)
593 3699 680 3762 illam
710 3699 852 3761 imitatus
881 3704 931 3761 est
960 3698 1103 3760 Platonis
1136 3696 1386 3760 similitudinem.

360 3803 424 3867 Sed
448 3809 557 3866 exstat
586 3801 755 3866 discrimen
787 3801 925 3884 aliquod.
969 3801 1062 3864 Plato
1092 3800 1177 3864 enim
1206 3806 1291 3864 recto
1321 3800 1386 3862 ani-

359 3926 445 3968 mam
481 3905 714 3988 gubernantem
747 3903 904 3987 intellegit
937 3905 1005 3968 eius
1038 3903 1226 3966 rationalem
1255 3909 1386 3985 partem,

364 4007 536 4090 Gregorius
561 4013 670 4070 contra
692 4005 775 4070 hanc
803 4005 1042 4069 similitudinem
1072 4005 1161 4089 quasi
1192 4003 1387 4067 contundens

360 4116 426 4173 tres
449 4110 519 4173 illos
542 4109 668 4173 animae
691 4115 798 4193 partes
822 4115 858 4171 ut
879 4130 977 4192 equos
1000 4116 1063 4172 tros
1086 4129 1106 4171 a
1128 4113 1195 4170 tota
1217 4107 1325 4170 anima
1340 4106 1388 4170 vel

358 4214 499 4296 homine,
536 4219 573 4276 ut
605 4212 738 4295 videtur,
770 4213 837 4294 regi
868 4212 1007 4296 exponit,
1037 4212 1240 4293 animamque
1270 4215 1389 4290 monet,

363 4325 399 4382 ut
425 4317 595 4403 imperium
619 4337 712 4380 omne
736 4316 915 4380 committat
935 4316 1052 4390 rationi¹
1071 4322 1104 4378 et
1124 4312 1288 4377 libidinem
1307 4333 1390 4376 com·
