<?xml version="1.0" encoding="UTF-8"?>
<!DOCTYPE html PUBLIC "-//W3C//DTD XHTML 1.0 Transitional//EN"
    "http://www.w3.org/TR/xhtml1/DTD/xhtml1-transitional.dtd">
<html xmlns="http://www.w3.org/1999/xhtml" xml:lang="en" lang="en">
 <head>
  <title>
</title>
<meta http-equiv="Content-Type" content="text/html;charset=utf-8" />
  <meta name='ocr-system' content='tesseract 3.04.00' />
  <meta name='ocr-capabilities' content='ocr_page ocr_carea ocr_par ocr_line ocrx_word'/>
</head>
<body>
  <div class='ocr_page' id='page_1' title='image "./debasiliogregor00grongoog_0063.png"; bbox 0 0 3042 5084; ppageno 0'>
   <div class='ocr_carea' id='block_1_1' title="bbox 541 560 752 623">
    <p class='ocr_par' dir='ltr' id='par_1_1' title="bbox 541 560 752 623">
     <span class='ocr_line' id='line_1_1' title="bbox 541 560 752 623; baseline 0.019 -21"><span class='ocrx_word' id='word_1_1' title='bbox 541 560 752 623; x_wconf 71' lang='lat'><strong>..47-</strong></span> 
     </span>
    </p>
   </div>
   <div class='ocr_carea' id='block_1_2' title="bbox 140 717 1169 808">
    <p class='ocr_par' dir='ltr' id='par_1_2' title="bbox 140 717 1169 808">
     <span class='ocr_line' id='line_1_2' title="bbox 140 717 1169 808; baseline -0.005 -15"><span class='ocrx_word' id='word_1_2' title='bbox 140 731 233 794; x_wconf 87' lang='lat' dir='ltr'>haee:</span> <span class='ocrx_word' id='word_1_3' title='bbox 258 731 319 794; x_wconf 82' lang='lat'><strong><em>615</em></strong></span> <span class='ocrx_word' id='word_1_4' title='bbox 332 730 375 794; x_wconf 82' lang='lat'><strong><em>0:</em></strong></span> <span class='ocrx_word' id='word_1_5' title='bbox 406 727 480 803; x_wconf 79' lang='grc' dir='ltr'><strong><em>,τῶν</em></strong></span> <span class='ocrx_word' id='word_1_6' title='bbox 503 725 539 788; x_wconf 82' lang='grc' dir='ltr'><strong><em>δέ</em></strong></span> <span class='ocrx_word' id='word_1_7' title='bbox 561 717 659 798; x_wconf 65' lang='lat' dir='ltr'><strong><em>ssi-iic</em></strong></span> <span class='ocrx_word' id='word_1_8' title='bbox 681 727 860 807; x_wconf 74' lang='grc' dir='ltr'><strong><em>γενομένων</em></strong></span> <span class='ocrx_word' id='word_1_9' title='bbox 881 728 935 790; x_wconf 81' lang='grc' dir='ltr'><strong><em>καὶ</em></strong></span> <span class='ocrx_word' id='word_1_10' title='bbox 958 719 1064 806; x_wconf 82' lang='grc' dir='ltr'><strong><em>ὀλίγον</em></strong></span> <span class='ocrx_word' id='word_1_11' title='bbox 1085 722 1169 808; x_wconf 82' lang='grc' dir='ltr'><strong><em>γρό-</em></strong></span> 
     </span>
    </p>
   </div>
   <div class='ocr_carea' id='block_1_3' title="bbox 35 821 1033 915">
    <p class='ocr_par' dir='ltr' id='par_1_3' title="bbox 35 821 1033 915">
     <span class='ocr_line' id='line_1_3' title="bbox 35 821 1033 915; baseline 0.002 -23"><span class='ocrx_word' id='word_1_12' title='bbox 35 867 38 872; x_wconf 42' lang='lat'>1</span> <span class='ocrx_word' id='word_1_13' title='bbox 140 853 195 893; x_wconf 85' lang='grc' dir='ltr'><strong><em>νον</em></strong></span> <span class='ocrx_word' id='word_1_14' title='bbox 216 828 374 912; x_wconf 76' lang='grc' dir='ltr'><strong><em>βιοῦντων</em></strong></span> <span class='ocrx_word' id='word_1_15' title='bbox 396 830 472 912; x_wconf 84' lang='grc' dir='ltr'><strong><em>πέρι</em></strong></span> <span class='ocrx_word' id='word_1_16' title='bbox 496 826 575 892; x_wconf 90' lang='grc' dir='ltr'><strong><em>ἀλλα</em></strong></span> <span class='ocrx_word' id='word_1_17' title='bbox 597 825 702 909; x_wconf 83' lang='grc' dir='ltr'><strong><em>ἔλεγεν</em></strong></span> <span class='ocrx_word' id='word_1_18' title='bbox 723 821 779 892; x_wconf 77' lang='grc' dir='ltr'><strong><em>οὐκ</em></strong></span> <span class='ocrx_word' id='word_1_19' title='bbox 800 825 874 904; x_wconf 80' lang='grc' dir='ltr'><strong><em>ἀξια</em></strong></span> <span class='ocrx_word' id='word_1_20' title='bbox 893 825 1033 915; x_wconf 61' lang='grc' dir='ltr'><strong><em>μυήνηςλ</em></strong></span> 
     </span>
    </p>
   </div>
   <div class='ocr_carea' id='block_1_4' title="bbox 98 934 1239 3802">
    <p class='ocr_par' dir='ltr' id='par_1_4' title="bbox 98 934 1239 3701">
     <span class='ocr_line' id='line_1_4' title="bbox 228 934 1168 1020; baseline -0.003 -21"><span class='ocrx_word' id='word_1_21' title='bbox 228 935 337 1000; x_wconf 78' lang='lat' dir='ltr'>Multis</span> <span class='ocrx_word' id='word_1_22' title='bbox 361 940 527 1018; x_wconf 81' lang='lat' dir='ltr'>praetereo</span> <span class='ocrx_word' id='word_1_23' title='bbox 550 935 626 997; x_wconf 85' lang='lat' dir='ltr'>locis</span> <span class='ocrx_word' id='word_1_24' title='bbox 641 934 808 1020; x_wconf 87' lang='lat' dir='ltr'>Nyssenus</span> <span class='ocrx_word' id='word_1_25' title='bbox 829 935 1059 1000; x_wconf 75' lang='lat' dir='ltr'>nobilissimam</span> <span class='ocrx_word' id='word_1_26' title='bbox 1081 934 1168 997; x_wconf 92' lang='lat' dir='ltr'>illam</span> 
     </span>
     <span class='ocr_line' id='line_1_5' title="bbox 143 1038 1168 1124; baseline -0.004 -21"><span class='ocrx_word' id='word_1_27' title='bbox 143 1041 267 1124; x_wconf 81' lang='lat' dir='ltr'><strong>profert</strong></span> <span class='ocrx_word' id='word_1_28' title='bbox 289 1039 433 1102; x_wconf 80' lang='lat' dir='ltr'>Platonis</span> <span class='ocrx_word' id='word_1_29' title='bbox 456 1038 496 1103; x_wconf 91' lang='lat' dir='ltr'><strong><em>de</em></strong></span> <span class='ocrx_word' id='word_1_30' title='bbox 525 1039 641 1102; x_wconf 69' lang='lat' dir='ltr'>virlute</span> <span class='ocrx_word' id='word_1_31' title='bbox 671 1039 873 1122; x_wconf 76' lang='lat' dir='ltr'>sententiam,</span> <span class='ocrx_word' id='word_1_32' title='bbox 904 1039 1066 1102; x_wconf 90' lang='lat' dir='ltr'>dominum</span> <span class='ocrx_word' id='word_1_33' title='bbox 1096 1057 1168 1100; x_wconf 86' lang='lat' dir='ltr'><strong><em>eam</em></strong></span> 
     </span>
     <span class='ocr_line' id='line_1_6' title="bbox 143 1142 1167 1226; baseline -0.003 -19"><span class='ocrx_word' id='word_1_34' title='bbox 143 1165 206 1207; x_wconf 93' lang='lat' dir='ltr'><strong><em>non</em></strong></span> <span class='ocrx_word' id='word_1_35' title='bbox 230 1142 349 1206; x_wconf 85' lang='lat' dir='ltr'>habere</span> <span class='ocrx_word' id='word_1_36' title='bbox 371 1162 474 1226; x_wconf 88' lang='lat' dir='ltr'>neque</span> <span class='ocrx_word' id='word_1_37' title='bbox 498 1143 527 1206; x_wconf 86' lang='lat' dir='ltr'><strong><em>vi</em></strong></span> <span class='ocrx_word' id='word_1_38' title='bbox 551 1143 620 1225; x_wconf 84' lang='lat' dir='ltr'>cogi</span> <span class='ocrx_word' id='word_1_39' title='bbox 644 1163 748 1226; x_wconf 87' lang='lat' dir='ltr'>posse,</span> <span class='ocrx_word' id='word_1_40' title='bbox 780 1142 938 1225; x_wconf 87' lang='lat' dir='ltr'>deumque</span> <span class='ocrx_word' id='word_1_41' title='bbox 967 1142 1065 1226; x_wconf 82' lang='lat' dir='ltr'>igitur</span> <span class='ocrx_word' id='word_1_42' title='bbox 1093 1162 1167 1206; x_wconf 87' lang='lat' dir='ltr'>auo·</span> 
     </span>
     <span class='ocr_line' id='line_1_7' title="bbox 141 1243 1167 1328; baseline -0.003 -19"><span class='ocrx_word' id='word_1_43' title='bbox 141 1253 241 1309; x_wconf 85' lang='lat' dir='ltr'>torem</span> <span class='ocrx_word' id='word_1_44' title='bbox 264 1251 297 1308; x_wconf 88' lang='lat' dir='ltr'><strong><em>et</em></strong></span> <span class='ocrx_word' id='word_1_45' title='bbox 320 1265 449 1307; x_wconf 84' lang='lat' dir='ltr'>oausam</span> <span class='ocrx_word' id='word_1_46' title='bbox 472 1245 627 1307; x_wconf 84' lang='lat' dir='ltr'>malorum</span> <span class='ocrx_word' id='word_1_47' title='bbox 651 1265 721 1307; x_wconf 89' lang='lat' dir='ltr'>esse</span> <span class='ocrx_word' id='word_1_48' title='bbox 751 1265 815 1307; x_wconf 92' lang='lat' dir='ltr'><strong><em>non</em></strong></span> <span class='ocrx_word' id='word_1_49' title='bbox 844 1265 948 1328; x_wconf 89' lang='lat' dir='ltr'>posse,</span> <span class='ocrx_word' id='word_1_50' title='bbox 979 1243 1034 1308; x_wconf 86' lang='lat' dir='ltr'><strong><em>sed</em></strong></span> <span class='ocrx_word' id='word_1_51' title='bbox 1066 1243 1167 1306; x_wconf 88' lang='lat' dir='ltr'>homi·</span> 
     </span>
     <span class='ocr_line' id='line_1_8' title="bbox 143 1346 1166 1431; baseline -0.001 -20"><span class='ocrx_word' id='word_1_52' title='bbox 143 1369 216 1412; x_wconf 91' lang='lat' dir='ltr'><strong><em>nem</em></strong></span> <span class='ocrx_word' id='word_1_53' title='bbox 250 1349 365 1431; x_wconf 86' lang='lat' dir='ltr'>ipsum.</span> <span class='ocrx_word' id='word_1_54' title='bbox 421 1346 465 1409; x_wconf 85' lang='lat' dir='ltr'><strong><em>Ut</em></strong></span> <span class='ocrx_word' id='word_1_55' title='bbox 498 1367 539 1408; x_wconf 87' lang='lat' dir='ltr'><strong><em>ex</em></strong></span> <span class='ocrx_word' id='word_1_56' title='bbox 572 1347 737 1430; x_wconf 83' lang='lat' dir='ltr'>permultis</span> <span class='ocrx_word' id='word_1_57' title='bbox 772 1347 918 1430; x_wconf 81' lang='lat' dir='ltr'>Gregorii</span> <span class='ocrx_word' id='word_1_58' title='bbox 954 1347 1031 1410; x_wconf 86' lang='lat' dir='ltr'>loeis</span> <span class='ocrx_word' id='word_1_59' title='bbox 1067 1368 1166 1410; x_wconf 92' lang='lat' dir='ltr'>unum</span> 
     </span>
     <span class='ocr_line' id='line_1_9' title="bbox 140 1440 1166 1534; baseline -0.004 -19"><span class='ocrx_word' id='word_1_60' title='bbox 140 1451 287 1516; x_wconf 86' lang='lat' dir='ltr'>afferam:</span> <span class='ocrx_word' id='word_1_61' title='bbox 321 1450 366 1534; x_wconf 92' lang='grc' dir='ltr'><strong><em>Π,</em></strong></span> <span class='ocrx_word' id='word_1_62' title='bbox 389 1449 473 1513; x_wconf 82' lang='lat' dir='ltr'><strong><em>25A</em></strong></span> <span class='ocrx_word' id='word_1_63' title='bbox 497 1451 515 1511; x_wconf 82' lang='lat'>5</span> <span class='ocrx_word' id='word_1_64' title='bbox 543 1449 602 1515; x_wconf 84' lang='lat' dir='ltr'>ait:</span> <span class='ocrx_word' id='word_1_65' title='bbox 638 1445 719 1529; x_wconf 76' lang='grc' dir='ltr'><strong><em>,ἐπεὶ</em></strong></span> <span class='ocrx_word' id='word_1_66' title='bbox 740 1499 747 1513; x_wconf 96' lang='grc'><strong>.</strong></span> <span class='ocrx_word' id='word_1_67' title='bbox 772 1497 812 1516; x_wconf 90' lang='grc'><strong><em>..</em></strong></span> <span class='ocrx_word' id='word_1_68' title='bbox 845 1451 902 1533; x_wconf 79' lang='grc' dir='ltr'><strong><em>τῆς</em></strong></span> <span class='ocrx_word' id='word_1_69' title='bbox 931 1440 1166 1532; x_wconf 79' lang='grc' dir='ltr'><strong><em>αάτεξουσιότη-</em></strong></span> 
     </span>
     <span class='ocr_line' id='line_1_10' title="bbox 140 1543 1167 1635; baseline -0.002 -20"><span class='ocrx_word' id='word_1_70' title='bbox 140 1549 195 1623; x_wconf 85' lang='grc' dir='ltr'><strong><em>τός</em></strong></span> <span class='ocrx_word' id='word_1_71' title='bbox 216 1549 283 1616; x_wconf 79' lang='grc' dir='ltr'><strong><em>ἐστι</em></strong></span> <span class='ocrx_word' id='word_1_72' title='bbox 305 1547 341 1614; x_wconf 84' lang='grc' dir='ltr'><strong><em>τὸ</em></strong></span> <span class='ocrx_word' id='word_1_73' title='bbox 358 1549 483 1630; x_wconf 84' lang='grc' dir='ltr'><strong><em>ἰδίωμα,</em></strong></span> <span class='ocrx_word' id='word_1_74' title='bbox 506 1543 624 1614; x_wconf 78' lang='grc' dir='ltr'><strong><em>τὸκατ’</em></strong></span> <span class='ocrx_word' id='word_1_75' title='bbox 640 1547 789 1623; x_wconf 78' lang='grc' dir='ltr'><strong><em>ἐξουσίαν</em></strong></span> <span class='ocrx_word' id='word_1_76' title='bbox 803 1543 1010 1635; x_wconf 71' lang='grc' dir='ltr'><strong><em>ἀναιρεῖσθαι</em></strong></span> <span class='ocrx_word' id='word_1_77' title='bbox 1023 1543 1062 1615; x_wconf 77' lang='lat' dir='ltr'><strong><em>ari</em></strong></span> <span class='ocrx_word' id='word_1_78' title='bbox 1077 1573 1167 1614; x_wconf 84' lang='grc' dir='ltr'><strong><em>κατα-</em></strong></span> 
     </span>
     <span class='ocr_line' id='line_1_11' title="bbox 141 1646 1167 1737; baseline -0.001 -20"><span class='ocrx_word' id='word_1_79' title='bbox 141 1653 271 1737; x_wconf 64' lang='lat' dir='ltr'><strong><em>oeulos,</em></strong></span> <span class='ocrx_word' id='word_1_80' title='bbox 288 1649 345 1732; x_wconf 85' lang='grc' dir='ltr'><strong><em>οάχ</em></strong></span> <span class='ocrx_word' id='word_1_81' title='bbox 362 1646 379 1715; x_wconf 85' lang='grc' dir='ltr'>ὁ</span> <span class='ocrx_word' id='word_1_82' title='bbox 394 1651 495 1722; x_wconf 70' lang='grc' dir='ltr'><strong><em>θεός</em></strong></span> <span class='ocrx_word' id='word_1_83' title='bbox 512 1669 579 1716; x_wconf 91' lang='grc' dir='ltr'><strong><em>σοι</em></strong></span> <span class='ocrx_word' id='word_1_84' title='bbox 599 1655 672 1716; x_wconf 84' lang='grc' dir='ltr'><strong><em>τῶν</em></strong></span> <span class='ocrx_word' id='word_1_85' title='bbox 687 1651 886 1737; x_wconf 78' lang='grc' dir='ltr'><strong><em>παρόντων</em></strong></span> <span class='ocrx_word' id='word_1_86' title='bbox 901 1650 1018 1718; x_wconf 76' lang='grc' dir='ltr'><strong><em>ἐστὶν</em></strong></span> <span class='ocrx_word' id='word_1_87' title='bbox 1032 1652 1167 1723; x_wconf 81' lang='grc' dir='ltr'><strong><em>αἴτιος</em></strong></span> 
     </span>
     <span class='ocr_line' id='line_1_12' title="bbox 139 1752 1210 1837; baseline 0 -17"><span class='ocrx_word' id='word_1_88' title='bbox 139 1759 284 1837; x_wconf 82' lang='grc' dir='ltr'><strong><em>κακῶν,</em></strong></span> <span class='ocrx_word' id='word_1_89' title='bbox 315 1752 561 1821; x_wconf 86' lang='grc' dir='ltr'><strong><em>ἀδέσποτὸν</em></strong></span> <span class='ocrx_word' id='word_1_90' title='bbox 593 1775 637 1821; x_wconf 87' lang='grc' dir='ltr'><strong><em>τε</em></strong></span> <span class='ocrx_word' id='word_1_91' title='bbox 668 1757 735 1819; x_wconf 85' lang='grc' dir='ltr'><strong><em>καὶ</em></strong></span> <span class='ocrx_word' id='word_1_92' title='bbox 762 1753 916 1821; x_wconf 85' lang='grc' dir='ltr'><strong><em>ἀνετόν</em></strong></span> <span class='ocrx_word' id='word_1_93' title='bbox 945 1778 1011 1820; x_wconf 89' lang='grc' dir='ltr'><strong><em>σοι</em></strong></span> <span class='ocrx_word' id='word_1_94' title='bbox 1037 1778 1166 1820; x_wconf 89' lang='grc' dir='ltr'><strong><em>κατα·</em></strong></span> <span class='ocrx_word' id='word_1_95' title='bbox 1207 1781 1210 1784; x_wconf 87' lang='lat'><strong>·</strong></span> 
     </span>
     <span class='ocr_line' id='line_1_13' title="bbox 141 1853 1162 1944; baseline -0.001 -21"><span class='ocrx_word' id='word_1_96' title='bbox 141 1856 345 1928; x_wconf 81' lang='grc' dir='ltr'><strong><em>σκευάσας</em></strong></span> <span class='ocrx_word' id='word_1_97' title='bbox 375 1855 450 1944; x_wconf 81' lang='grc' dir='ltr'><strong><em>τὴν</em></strong></span> <span class='ocrx_word' id='word_1_98' title='bbox 483 1857 624 1942; x_wconf 77' lang='grc' dir='ltr'><strong><em>φύσιν,</em></strong></span> <span class='ocrx_word' id='word_1_99' title='bbox 659 1853 726 1922; x_wconf 85' lang='grc' dir='ltr'><strong><em>ἀλλ’</em></strong></span> <span class='ocrx_word' id='word_1_100' title='bbox 761 1856 782 1944; x_wconf 76' lang='grc' dir='ltr'><em>ἡ</em></span> <span class='ocrx_word' id='word_1_101' title='bbox 815 1855 951 1942; x_wconf 81' lang='grc' dir='ltr'><strong><em>ἀβουλία</em></strong></span> <span class='ocrx_word' id='word_1_102' title='bbox 981 1855 1021 1922; x_wconf 88' lang='grc' dir='ltr'><strong><em>τά</em></strong></span> <span class='ocrx_word' id='word_1_103' title='bbox 1052 1867 1162 1942; x_wconf 82' lang='grc' dir='ltr'><strong><em>χεῖρον</em></strong></span> 
     </span>
     <span class='ocr_line' id='line_1_14' title="bbox 138 1959 1165 2048; baseline 0.002 -24"><span class='ocrx_word' id='word_1_104' title='bbox 138 1959 232 2027; x_wconf 85' lang='grc' dir='ltr'><strong><em>ἀντὶ</em></strong></span> <span class='ocrx_word' id='word_1_105' title='bbox 265 1965 335 2025; x_wconf 82' lang='grc' dir='ltr'><strong><em>τοῦ</em></strong></span> <span class='ocrx_word' id='word_1_106' title='bbox 367 1961 607 2043; x_wconf 87' lang='grc' dir='ltr'><strong><em>κρείττονος</em></strong></span> <span class='ocrx_word' id='word_1_107' title='bbox 639 1962 918 2047; x_wconf 52' lang='grc' dir='ltr'><strong><em>προελομένη(</em></strong></span> <span class='ocrx_word' id='word_1_108' title='bbox 951 1999 993 2010; x_wconf 92' lang='grc'><strong><em>--</em></strong></span> <span class='ocrx_word' id='word_1_109' title='bbox 1016 1971 1049 2028; x_wconf 81' lang='lat' dir='ltr'><strong><em>et</em></strong></span> <span class='ocrx_word' id='word_1_110' title='bbox 1070 1964 1165 2048; x_wconf 90' lang='lat' dir='ltr'>paulo</span> 
     </span>
     <span class='ocr_line' id='line_1_15' title="bbox 140 2057 1167 2148; baseline -0.003 -18"><span class='ocrx_word' id='word_1_111' title='bbox 140 2073 235 2131; x_wconf 84' lang='lat' dir='ltr'>anteo</span> <span class='ocrx_word' id='word_1_112' title='bbox 264 2068 305 2129; x_wconf 76' lang='lat'><strong><em>24</em></strong></span> <span class='ocrx_word' id='word_1_113' title='bbox 324 2067 372 2131; x_wconf 92' lang='lat' dir='ltr'><strong><em>D:</em></strong></span> <span class='ocrx_word' id='word_1_114' title='bbox 408 2057 550 2146; x_wconf 82' lang='grc' dir='ltr'><strong><em>,οάδεμία</em></strong></span> <span class='ocrx_word' id='word_1_115' title='bbox 583 2065 680 2128; x_wconf 79' lang='grc' dir='ltr'><strong><em>κακοῦ</em></strong></span> <span class='ocrx_word' id='word_1_116' title='bbox 710 2070 829 2144; x_wconf 83' lang='grc' dir='ltr'><strong><em>γένεσις</em></strong></span> <span class='ocrx_word' id='word_1_117' title='bbox 859 2061 894 2128; x_wconf 81' lang='grc' dir='ltr'><strong><em>έκ</em></strong></span> <span class='ocrx_word' id='word_1_118' title='bbox 921 2059 1020 2128; x_wconf 76' lang='grc' dir='ltr'><strong><em>θείου</em></strong></span> <span class='ocrx_word' id='word_1_119' title='bbox 1045 2062 1167 2148; x_wconf 72' lang='grc' dir='ltr'><strong><em>βουλή-</em></strong></span> 
     </span>
     <span class='ocr_line' id='line_1_16' title="bbox 139 2161 1165 2253; baseline 0.001 -23"><span class='ocrx_word' id='word_1_120' title='bbox 139 2190 237 2250; x_wconf 87' lang='grc' dir='ltr'><strong><em>ματος</em></strong></span> <span class='ocrx_word' id='word_1_121' title='bbox 259 2165 317 2252; x_wconf 65' lang='grc' dir='ltr'><strong><em>τὴν</em></strong></span> <span class='ocrx_word' id='word_1_122' title='bbox 340 2161 440 2253; x_wconf 76' lang='grc' dir='ltr'><strong><em>ἀρχὴν</em></strong></span> <span class='ocrx_word' id='word_1_123' title='bbox 461 2166 573 2247; x_wconf 55' lang='grc' dir='ltr'><strong><em>ἔσχεν]</em></strong></span> <span class='ocrx_word' id='word_1_124' title='bbox 611 2169 660 2235; x_wconf 83' lang='lat' dir='ltr'><strong><em>Ol.</em></strong></span> <span class='ocrx_word' id='word_1_125' title='bbox 683 2170 856 2253; x_wconf 84' lang='lat' dir='ltr'>eliamlll,</span> <span class='ocrx_word' id='word_1_126' title='bbox 875 2171 977 2234; x_wconf 87' lang='grc'>1011)</span> <span class='ocrx_word' id='word_1_127' title='bbox 994 2173 1031 2236; x_wconf 82' lang='lat'><strong><em>5:</em></strong></span> <span class='ocrx_word' id='word_1_128' title='bbox 1055 2163 1165 2252; x_wconf 79' lang='grc' dir='ltr'><strong><em>,ἀρετὴ</em></strong></span> 
     </span>
     <span class='ocr_line' id='line_1_17' title="bbox 139 2265 1165 2356; baseline 0 -22"><span class='ocrx_word' id='word_1_129' title='bbox 139 2309 179 2316; x_wconf 96' lang='grc'>-</span> <span class='ocrx_word' id='word_1_130' title='bbox 203 2266 398 2335; x_wconf 77' lang='grc' dir='ltr'><strong><em>ἀδέσποτον·</em></strong></span> <span class='ocrx_word' id='word_1_131' title='bbox 422 2280 454 2337; x_wconf 84' lang='lat' dir='ltr'><strong><em>et</em></strong></span> <span class='ocrx_word' id='word_1_132' title='bbox 475 2273 502 2356; x_wconf 88' lang='grc' dir='ltr'><strong><em>Ι,</em></strong></span> <span class='ocrx_word' id='word_1_133' title='bbox 528 2276 588 2337; x_wconf 84' lang='grc'><strong><em>184</em></strong></span> <span class='ocrx_word' id='word_1_134' title='bbox 601 2273 644 2337; x_wconf 82' lang='lat'><strong><em>0:</em></strong></span> <span class='ocrx_word' id='word_1_135' title='bbox 669 2265 865 2350; x_wconf 81' lang='grc' dir='ltr'><strong><em>,ἀδέσποτον</em></strong></span> <span class='ocrx_word' id='word_1_136' title='bbox 886 2270 947 2352; x_wconf 83' lang='grc' dir='ltr'><strong><em>γάρ</em></strong></span> <span class='ocrx_word' id='word_1_137' title='bbox 965 2294 996 2334; x_wconf 84' lang='grc' dir='ltr'><strong><em>τι</em></strong></span> <span class='ocrx_word' id='word_1_138' title='bbox 1013 2273 1124 2356; x_wconf 78' lang='grc' dir='ltr'><strong><em>χρῆμα</em></strong></span> <span class='ocrx_word' id='word_1_139' title='bbox 1144 2267 1165 2355; x_wconf 76' lang='grc' dir='ltr'><em>ἡ</em></span> 
     </span>
     <span class='ocr_line' id='line_1_18' title="bbox 136 2368 1162 2454; baseline 0.003 -18"><span class='ocrx_word' id='word_1_140' title='bbox 136 2368 240 2454; x_wconf 78' lang='grc' dir='ltr'><strong><em>ἀρετή·</em></strong></span> <span class='ocrx_word' id='word_1_141' title='bbox 266 2383 298 2440; x_wconf 86' lang='lat' dir='ltr'><strong><em>et</em></strong></span> <span class='ocrx_word' id='word_1_142' title='bbox 320 2377 409 2441; x_wconf 88' lang='lat' dir='ltr'>mult.</span> <span class='ocrx_word' id='word_1_143' title='bbox 434 2377 473 2440; x_wconf 89' lang='lat' dir='ltr'><strong><em>al.</em></strong></span> <span class='ocrx_word' id='word_1_144' title='bbox 492 2377 551 2440; x_wconf 91' lang='lat' dir='ltr'>loo.</span> <span class='ocrx_word' id='word_1_145' title='bbox 575 2375 688 2440; x_wconf 88' lang='lat' dir='ltr'>eadem</span> <span class='ocrx_word' id='word_1_146' title='bbox 712 2382 819 2439; x_wconf 78' lang='lat' dir='ltr'>exstat</span> <span class='ocrx_word' id='word_1_147' title='bbox 839 2375 880 2440; x_wconf 88' lang='lat' dir='ltr'><strong><em>de</em></strong></span> <span class='ocrx_word' id='word_1_148' title='bbox 903 2377 1039 2440; x_wconf 89' lang='lat' dir='ltr'>hominis</span> <span class='ocrx_word' id='word_1_149' title='bbox 1062 2376 1162 2441; x_wconf 91' lang='lat' dir='ltr'>libero</span> 
     </span>
     <span class='ocr_line' id='line_1_19' title="bbox 140 2478 1164 2564; baseline 0.002 -22"><span class='ocrx_word' id='word_1_150' title='bbox 140 2479 269 2542; x_wconf 81' lang='lat' dir='ltr'>arbitrio</span> <span class='ocrx_word' id='word_1_151' title='bbox 293 2479 463 2562; x_wconf 78' lang='lat' dir='ltr'>sententio,</span> <span class='ocrx_word' id='word_1_152' title='bbox 487 2499 568 2562; x_wconf 89' lang='lat' dir='ltr'>qnae</span> <span class='ocrx_word' id='word_1_153' title='bbox 591 2479 674 2542; x_wconf 81' lang='lat' dir='ltr'>redit</span> <span class='ocrx_word' id='word_1_154' title='bbox 695 2479 735 2542; x_wconf 91' lang='lat' dir='ltr'><strong><em>ad</em></strong></span> <span class='ocrx_word' id='word_1_155' title='bbox 759 2479 842 2543; x_wconf 86' lang='lat' dir='ltr'>Plat.</span> <span class='ocrx_word' id='word_1_156' title='bbox 865 2478 980 2564; x_wconf 85' lang='lat' dir='ltr'>Remp.</span> <span class='ocrx_word' id='word_1_157' title='bbox 995 2479 1038 2562; x_wconf 81' lang='lat' dir='ltr'><strong><em>X,</em></strong></span> <span class='ocrx_word' id='word_1_158' title='bbox 1054 2479 1164 2544; x_wconf 70' lang='grc'>6171).</span> 
     </span>
     <span class='ocr_line' id='line_1_20' title="bbox 141 2573 1164 2666; baseline 0 -20"><span class='ocrx_word' id='word_1_159' title='bbox 141 2583 210 2656; x_wconf 82' lang='lat' dir='ltr'><strong><em>Quo</em></strong></span> <span class='ocrx_word' id='word_1_160' title='bbox 245 2583 314 2645; x_wconf 86' lang='lat' dir='ltr'>loeo</span> <span class='ocrx_word' id='word_1_161' title='bbox 344 2583 436 2646; x_wconf 79' lang='lat' dir='ltr'>Plato</span> <span class='ocrx_word' id='word_1_162' title='bbox 471 2577 516 2654; x_wconf 80' lang='grc' dir='ltr'><strong><em>,ἐκ</em></strong></span> <span class='ocrx_word' id='word_1_163' title='bbox 556 2579 736 2663; x_wconf 85' lang='grc' dir='ltr'><strong><em>προσώπου</em></strong></span> <span class='ocrx_word' id='word_1_164' title='bbox 777 2573 1048 2666; x_wconf 42' lang='grc' dir='ltr'><strong><em>ἀναβεβιωκότυςΰ,</em></strong></span> <span class='ocrx_word' id='word_1_165' title='bbox 1081 2584 1164 2647; x_wconf 90' lang='lat' dir='ltr'>illius</span> 
     </span>
     <span class='ocr_line' id='line_1_21' title="bbox 140 2670 1164 2771; baseline 0.001 -21"><span class='ocrx_word' id='word_1_166' title='bbox 140 2686 278 2769; x_wconf 87' lang='lat' dir='ltr'>Aloinoi,</span> <span class='ocrx_word' id='word_1_167' title='bbox 301 2707 399 2749; x_wconf 90' lang='lat' dir='ltr'>unum</span> <span class='ocrx_word' id='word_1_168' title='bbox 422 2706 580 2771; x_wconf 88' lang='lat' dir='ltr'>quemque</span> <span class='ocrx_word' id='word_1_169' title='bbox 603 2687 701 2750; x_wconf 86' lang='lat' dir='ltr'>vitam</span> <span class='ocrx_word' id='word_1_170' title='bbox 725 2686 786 2749; x_wconf 88' lang='lat' dir='ltr'>sibi</span> <span class='ocrx_word' id='word_1_171' title='bbox 808 2687 924 2769; x_wconf 84' lang='lat' dir='ltr'>eligere</span> <span class='ocrx_word' id='word_1_172' title='bbox 943 2686 1021 2750; x_wconf 74' lang='lat' dir='ltr'>dieii</span> <span class='ocrx_word' id='word_1_173' title='bbox 1050 2670 1084 2770; x_wconf 77' lang='lat' dir='ltr'><strong><em>,qi</em></strong></span> <span class='ocrx_word' id='word_1_174' title='bbox 1108 2689 1164 2763; x_wconf 87' lang='lat' dir='ltr'>(so.</span> 
     </span>
     <span class='ocr_line' id='line_1_22' title="bbox 137 2779 1239 2872; baseline 0.002 -22"><span class='ocrx_word' id='word_1_175' title='bbox 137 2787 209 2872; x_wconf 76' lang='grc' dir='ltr'><strong><em>βίῳ)</em></strong></span> <span class='ocrx_word' id='word_1_176' title='bbox 235 2793 383 2852; x_wconf 79' lang='grc' dir='ltr'><strong><em>συνέσται</em></strong></span> <span class='ocrx_word' id='word_1_177' title='bbox 404 2783 440 2859; x_wconf 69' lang='grc' dir='ltr'><strong><em>ἐξ</em></strong></span> <span class='ocrx_word' id='word_1_178' title='bbox 462 2780 604 2871; x_wconf 81' lang='grc' dir='ltr'><strong><em>ἀνάγκης.</em></strong></span> <span class='ocrx_word' id='word_1_179' title='bbox 649 2779 747 2872; x_wconf 82' lang='grc' dir='ltr'><strong><em>ἀρετὴ</em></strong></span> <span class='ocrx_word' id='word_1_180' title='bbox 769 2788 809 2850; x_wconf 81' lang='grc' dir='ltr'><strong><em>δέ</em></strong></span> <span class='ocrx_word' id='word_1_181' title='bbox 838 2779 1092 2869; x_wconf 77' lang='grc' dir='ltr'><strong><em>ἀδέσποτον,</em></strong></span> <span class='ocrx_word' id='word_1_182' title='bbox 1124 2784 1165 2872; x_wconf 80' lang='grc' dir='ltr'><strong><em>ἥν</em></strong></span> <span class='ocrx_word' id='word_1_183' title='bbox 1236 2811 1239 2815; x_wconf 90' lang='grc'>·</span> 
     </span>
     <span class='ocr_line' id='line_1_23' title="bbox 98 2881 1166 2974; baseline 0.007 -28"><span class='ocrx_word' id='word_1_184' title='bbox 98 2934 101 2946; x_wconf 89' lang='grc'><em>.</em></span> <span class='ocrx_word' id='word_1_185' title='bbox 138 2890 239 2969; x_wconf 79' lang='grc' dir='ltr'><strong><em>τιμῶν</em></strong></span> <span class='ocrx_word' id='word_1_186' title='bbox 267 2891 319 2953; x_wconf 79' lang='grc' dir='ltr'><strong><em>καί</em></strong></span> <span class='ocrx_word' id='word_1_187' title='bbox 348 2881 509 2970; x_wconf 82' lang='grc' dir='ltr'><strong><em>ἀτιμάζων</em></strong></span> <span class='ocrx_word' id='word_1_188' title='bbox 537 2889 637 2953; x_wconf 82' lang='grc' dir='ltr'><strong><em>πλέον</em></strong></span> <span class='ocrx_word' id='word_1_189' title='bbox 667 2890 718 2952; x_wconf 80' lang='grc' dir='ltr'><strong><em>καὶ</em></strong></span> <span class='ocrx_word' id='word_1_190' title='bbox 748 2887 880 2953; x_wconf 82' lang='grc' dir='ltr'><strong><em>ἔλαττον</em></strong></span> <span class='ocrx_word' id='word_1_191' title='bbox 909 2885 1004 2974; x_wconf 70' lang='grc' dir='ltr'><strong><em>αὐτῆς</em></strong></span> <span class='ocrx_word' id='word_1_192' title='bbox 1033 2888 1166 2961; x_wconf 78' lang='grc' dir='ltr'><strong><em>ἕκαστος</em></strong></span> 
     </span>
     <span class='ocr_line' id='line_1_24' title="bbox 134 2985 1163 3073; baseline 0.005 -19"><span class='ocrx_word' id='word_1_193' title='bbox 134 2987 205 3072; x_wconf 70' lang='grc' dir='ltr'><strong><em>ἕξει,</em></strong></span> <span class='ocrx_word' id='word_1_194' title='bbox 228 2990 339 3056; x_wconf 86' lang='grc' dir='ltr'><strong><em>αἰτία</em></strong></span> <span class='ocrx_word' id='word_1_195' title='bbox 361 2991 569 3073; x_wconf 78' lang='grc' dir='ltr'><strong><em>ἑλομένου.</em></strong></span> <span class='ocrx_word' id='word_1_196' title='bbox 607 2985 708 3062; x_wconf 74' lang='grc' dir='ltr'><strong><em>θεὸς</em></strong></span> <span class='ocrx_word' id='word_1_197' title='bbox 730 2987 963 3063; x_wconf 72' lang='grc' dir='ltr'><strong><em>ἀναίτιος“1</em></strong></span> <span class='ocrx_word' id='word_1_198' title='bbox 988 3002 1020 3058; x_wconf 84' lang='lat' dir='ltr'><strong><em>et</em></strong></span> <span class='ocrx_word' id='word_1_199' title='bbox 1043 2997 1163 3060; x_wconf 77' lang='grc' dir='ltr'>619Βε</span> 
     </span>
     <span class='ocr_line' id='line_1_25' title="bbox 135 3091 1165 3181; baseline 0.001 -24"><span class='ocrx_word' id='word_1_200' title='bbox 135 3097 194 3176; x_wconf 87' lang='grc' dir='ltr'><strong><em>,καὶ</em></strong></span> <span class='ocrx_word' id='word_1_201' title='bbox 223 3095 447 3179; x_wconf 77' lang='grc' dir='ltr'><strong><em>τελευταίῳ</em></strong></span> <span class='ocrx_word' id='word_1_202' title='bbox 477 3091 663 3172; x_wconf 79' lang='grc' dir='ltr'><strong><em>ἐπιόντι,</em></strong></span> <span class='ocrx_word' id='word_1_203' title='bbox 693 3093 764 3169; x_wconf 83' lang='grc' dir='ltr'><strong><em>ξάν</em></strong></span> <span class='ocrx_word' id='word_1_204' title='bbox 792 3094 843 3180; x_wconf 69' lang='lat' dir='ltr'><strong><em>uqi</em></strong></span> <span class='ocrx_word' id='word_1_205' title='bbox 872 3093 1054 3181; x_wconf 75' lang='grc' dir='ltr'><strong><em>ἑλομένῳ</em></strong></span> <span class='ocrx_word' id='word_1_206' title='bbox 1084 3113 1165 3158; x_wconf 90' lang='grc' dir='ltr'><strong><em>συν-</em></strong></span> 
     </span>
     <span class='ocr_line' id='line_1_26' title="bbox 133 3191 1162 3282; baseline 0 -22"><span class='ocrx_word' id='word_1_207' title='bbox 133 3196 236 3267; x_wconf 82' lang='grc' dir='ltr'><strong><em>τόνως</em></strong></span> <span class='ocrx_word' id='word_1_208' title='bbox 267 3197 368 3276; x_wconf 81' lang='grc' dir='ltr'><strong><em>ξάντι,</em></strong></span> <span class='ocrx_word' id='word_1_209' title='bbox 402 3201 534 3260; x_wconf 88' lang='grc' dir='ltr'><strong><em>κείται</em></strong></span> <span class='ocrx_word' id='word_1_210' title='bbox 565 3201 656 3280; x_wconf 84' lang='grc' dir='ltr'><strong><em>Ιδίας</em></strong></span> <span class='ocrx_word' id='word_1_211' title='bbox 688 3191 902 3282; x_wconf 80' lang='grc' dir='ltr'><strong><em>ἀγαπητὸς</em></strong></span> <span class='ocrx_word' id='word_1_212' title='bbox 938 3193 981 3260; x_wconf 80' lang='grc' dir='ltr'><strong><em>οὐ</em></strong></span> <span class='ocrx_word' id='word_1_213' title='bbox 1019 3197 1162 3269; x_wconf 74' lang='grc' dir='ltr'><strong><em>κακός.ί</em></strong></span> 
     </span>
     <span class='ocr_line' id='line_1_27' title="bbox 137 3303 1163 3388; baseline 0.001 -22"><span class='ocrx_word' id='word_1_214' title='bbox 137 3303 203 3367; x_wconf 88' lang='lat' dir='ltr'><strong><em>Neo</em></strong></span> <span class='ocrx_word' id='word_1_215' title='bbox 229 3303 322 3366; x_wconf 83' lang='lat' dir='ltr'>aliter</span> <span class='ocrx_word' id='word_1_216' title='bbox 343 3303 424 3388; x_wconf 88' lang='lat' dir='ltr'>Rep.</span> <span class='ocrx_word' id='word_1_217' title='bbox 447 3303 491 3388; x_wconf 88' lang='lat' dir='ltr'><strong><em>II,</em></strong></span> <span class='ocrx_word' id='word_1_218' title='bbox 515 3303 658 3383; x_wconf 47' lang='lat'><strong><em>379132‘0</em></strong></span> <span class='ocrx_word' id='word_1_219' title='bbox 689 3304 784 3367; x_wconf 86' lang='lat' dir='ltr'>deum</span> <span class='ocrx_word' id='word_1_220' title='bbox 813 3310 976 3368; x_wconf 75' lang='lat' dir='ltr'>auctorem</span> <span class='ocrx_word' id='word_1_221' title='bbox 1008 3306 1163 3367; x_wconf 88' lang='lat' dir='ltr'>malorum</span> 
     </span>
     <span class='ocr_line' id='line_1_28' title="bbox 137 3398 1222 3498; baseline 0.003 -28"><span class='ocrx_word' id='word_1_222' title='bbox 137 3428 205 3471; x_wconf 87' lang='lat' dir='ltr'>esse</span> <span class='ocrx_word' id='word_1_223' title='bbox 235 3412 351 3490; x_wconf 76' lang='lat' dir='ltr'>negot:</span> <span class='ocrx_word' id='word_1_224' title='bbox 385 3398 432 3486; x_wconf 87' lang='grc' dir='ltr'><strong><em>,οά</em></strong></span> <span class='ocrx_word' id='word_1_225' title='bbox 462 3453 500 3472; x_wconf 93' lang='grc'><strong><em>..</em></strong></span> <span class='ocrx_word' id='word_1_226' title='bbox 526 3404 656 3469; x_wconf 84' lang='grc' dir='ltr'><strong><em>πάντων</em></strong></span> <span class='ocrx_word' id='word_1_227' title='bbox 678 3456 686 3471; x_wconf 89' lang='grc'><strong>.</strong></span> <span class='ocrx_word' id='word_1_228' title='bbox 711 3457 718 3470; x_wconf 92' lang='grc'><strong>.</strong></span> <span class='ocrx_word' id='word_1_229' title='bbox 741 3404 845 3468; x_wconf 87' lang='grc' dir='ltr'><strong><em>αἴτιον</em></strong></span> <span class='ocrx_word' id='word_1_230' title='bbox 867 3398 905 3469; x_wconf 82' lang='grc' dir='ltr'><strong><em>τὸ</em></strong></span> <span class='ocrx_word' id='word_1_231' title='bbox 930 3398 1057 3485; x_wconf 73' lang='grc' dir='ltr'><strong><em>ἀγαθόν</em></strong></span> <span class='ocrx_word' id='word_1_232' title='bbox 1078 3409 1111 3485; x_wconf 84' lang='lat' dir='ltr'><strong><em>(i.</em></strong></span> <span class='ocrx_word' id='word_1_233' title='bbox 1135 3429 1162 3473; x_wconf 91' lang='lat' dir='ltr'><strong><em>e.</em></strong></span> <span class='ocrx_word' id='word_1_234' title='bbox 1216 3489 1222 3498; x_wconf 25' lang='grc' dir='ltr'>ι</span> 
     </span>
     <span class='ocr_line' id='line_1_29' title="bbox 139 3499 1165 3592; baseline 0.002 -22"><span class='ocrx_word' id='word_1_235' title='bbox 139 3501 225 3591; x_wconf 71' lang='grc' dir='ltr'><strong><em>θείς,</em></strong></span> <span class='ocrx_word' id='word_1_236' title='bbox 247 3502 363 3592; x_wconf 74' lang='grc' dir='ltr'><strong><em>ἐπειδὴ</em></strong></span> <span class='ocrx_word' id='word_1_237' title='bbox 387 3502 509 3588; x_wconf 69' lang='grc' dir='ltr'><strong><em>ἀγαθός</em></strong></span> <span class='ocrx_word' id='word_1_238' title='bbox 532 3511 658 3591; x_wconf 74' lang='grc'>3190),</span> <span class='ocrx_word' id='word_1_239' title='bbox 691 3502 769 3572; x_wconf 83' lang='grc' dir='ltr'><strong><em>ἀλλά</em></strong></span> <span class='ocrx_word' id='word_1_240' title='bbox 800 3507 863 3573; x_wconf 72' lang='grc' dir='ltr'><strong><em>τάν</em></strong></span> <span class='ocrx_word' id='word_1_241' title='bbox 883 3508 942 3591; x_wconf 79' lang='grc' dir='ltr'><strong><em>μὲν</em></strong></span> <span class='ocrx_word' id='word_1_242' title='bbox 964 3499 1001 3573; x_wconf 85' lang='grc' dir='ltr'><strong><em>εά</em></strong></span> <span class='ocrx_word' id='word_1_243' title='bbox 1022 3506 1165 3587; x_wconf 76' lang='grc' dir='ltr'><strong><em>ἀγόντων</em></strong></span> 
     </span>
     <span class='ocr_line' id='line_1_30' title="bbox 136 3606 1156 3701; baseline 0.009 -29"><span class='ocrx_word' id='word_1_244' title='bbox 136 3608 245 3693; x_wconf 86' lang='grc' dir='ltr'><strong><em>αἴτιον,</em></strong></span> <span class='ocrx_word' id='word_1_245' title='bbox 266 3611 332 3672; x_wconf 84' lang='grc' dir='ltr'><strong><em>τῶν</em></strong></span> <span class='ocrx_word' id='word_1_246' title='bbox 352 3611 390 3673; x_wconf 79' lang='grc' dir='ltr'><strong><em>δέ</em></strong></span> <span class='ocrx_word' id='word_1_247' title='bbox 410 3611 512 3674; x_wconf 78' lang='grc' dir='ltr'><strong><em>κακῶν</em></strong></span> <span class='ocrx_word' id='word_1_248' title='bbox 534 3606 697 3676; x_wconf 69' lang='grc' dir='ltr'><strong><em>ἀναίτων.ί</em></strong></span> <span class='ocrx_word' id='word_1_249' title='bbox 733 3613 797 3691; x_wconf 79' lang='lat' dir='ltr'><strong>(Cf.</strong></span> <span class='ocrx_word' id='word_1_250' title='bbox 813 3615 897 3679; x_wconf 80' lang='lat' dir='ltr'>Plat.</span> <span class='ocrx_word' id='word_1_251' title='bbox 913 3614 996 3678; x_wconf 77' lang='lat' dir='ltr'>Tim.</span> <span class='ocrx_word' id='word_1_252' title='bbox 1013 3618 1055 3679; x_wconf 81' lang='lat'><strong><em>28</em></strong></span> <span class='ocrx_word' id='word_1_253' title='bbox 1078 3619 1156 3701; x_wconf 83' lang='lat' dir='ltr'>seq.)</span> 
     </span>
    </p>

    <p class='ocr_par' dir='ltr' id='par_1_5' title="bbox 221 3700 1163 3802">
     <span class='ocr_line' id='line_1_31' title="bbox 221 3700 1163 3802; baseline 0.006 -25"><span class='ocrx_word' id='word_1_254' title='bbox 221 3715 314 3789; x_wconf 84' lang='lat' dir='ltr'>Quae</span> <span class='ocrx_word' id='word_1_255' title='bbox 336 3717 435 3780; x_wconf 84' lang='lat' dir='ltr'>verbo</span> <span class='ocrx_word' id='word_1_256' title='bbox 456 3738 648 3802; x_wconf 87' lang='lat' dir='ltr'>quamquam</span> <span class='ocrx_word' id='word_1_257' title='bbox 671 3719 846 3802; x_wconf 79' lang='lat' dir='ltr'>perusitata</span> <span class='ocrx_word' id='word_1_258' title='bbox 869 3718 1031 3796; x_wconf 44' lang='lat' dir='ltr'>fuerunt&amp;</span> <span class='ocrx_word' id='word_1_259' title='bbox 1055 3700 1163 3784; x_wconf 87' lang='lat' dir='ltr'>tamen</span> 
     </span>
    </p>
   </div>
   <div class='ocr_carea' id='block_1_5' title="bbox 136 3849 1196 4444">
    <p class='ocr_par' dir='ltr' id='par_1_6' title="bbox 136 3849 1196 4444">
     <span class='ocr_line' id='line_1_32' title="bbox 223 3849 1162 3922; baseline 0.005 -20"><span class='ocrx_word' id='word_1_260' title='bbox 223 3852 246 3922; x_wconf 86' lang='lat'><strong><em>¹)</em></strong></span> <span class='ocrx_word' id='word_1_261' title='bbox 264 3849 311 3902; x_wconf 86' lang='lat' dir='ltr'><strong><em>Ad</em></strong></span> <span class='ocrx_word' id='word_1_262' title='bbox 336 3851 407 3904; x_wconf 83' lang='lat' dir='ltr'>haee</span> <span class='ocrx_word' id='word_1_263' title='bbox 425 3851 506 3920; x_wconf 89' lang='lat' dir='ltr'>Reip.</span> <span class='ocrx_word' id='word_1_264' title='bbox 533 3851 622 3906; x_wconf 87' lang='lat' dir='ltr'>verba</span> <span class='ocrx_word' id='word_1_265' title='bbox 647 3852 796 3906; x_wconf 83' lang='lat' dir='ltr'>manifeste</span> <span class='ocrx_word' id='word_1_266' title='bbox 824 3853 925 3906; x_wconf 86' lang='lat' dir='ltr'>alludit</span> <span class='ocrx_word' id='word_1_267' title='bbox 944 3855 1014 3908; x_wconf 76' lang='lat' dir='ltr'>Nan.</span> <span class='ocrx_word' id='word_1_268' title='bbox 1034 3855 1057 3922; x_wconf 93' lang='grc' dir='ltr'><strong><em>Ι,</em></strong></span> <span class='ocrx_word' id='word_1_269' title='bbox 1076 3855 1162 3909; x_wconf 77' lang='lat' dir='ltr'><strong>572ss</strong></span> 
     </span>
     <span class='ocr_line' id='line_1_33' title="bbox 136 3935 1162 4010; baseline 0.004 -21"><span class='ocrx_word' id='word_1_270' title='bbox 136 3936 177 3989; x_wconf 87' lang='lat' dir='ltr'><strong><em>his</em></strong></span> <span class='ocrx_word' id='word_1_271' title='bbox 197 3936 309 3994; x_wconf 84' lang='lat' dir='ltr'>verbis:</span> <span class='ocrx_word' id='word_1_272' title='bbox 337 3935 522 4002; x_wconf 85' lang='grc' dir='ltr'><strong><em>,ἀναίτιον</em></strong></span> <span class='ocrx_word' id='word_1_273' title='bbox 541 3935 719 3992; x_wconf 77' lang='grc' dir='ltr'><strong><em>παντάπασιν</em></strong></span> <span class='ocrx_word' id='word_1_274' title='bbox 737 3945 858 3992; x_wconf 76' lang='grc' dir='ltr'><strong><em>κακῶν</em></strong></span> <span class='ocrx_word' id='word_1_275' title='bbox 876 3935 917 3992; x_wconf 85' lang='grc' dir='ltr'><strong><em>τό</em></strong></span> <span class='ocrx_word' id='word_1_276' title='bbox 943 3938 1065 4008; x_wconf 72' lang='grc' dir='ltr'><strong><em>θετον,</em></strong></span> <span class='ocrx_word' id='word_1_277' title='bbox 1092 3939 1162 4010; x_wconf 80' lang='grc' dir='ltr'><strong><em>ἀγα-</em></strong></span> 
     </span>
     <span class='ocr_line' id='line_1_34' title="bbox 136 4019 1196 4103; baseline 0.003 -25"><span class='ocrx_word' id='word_1_278' title='bbox 136 4021 187 4078; x_wconf 68' lang='grc' dir='ltr'><strong><em>θὸν</em></strong></span> <span class='ocrx_word' id='word_1_279' title='bbox 209 4031 244 4100; x_wconf 72' lang='grc' dir='ltr'><strong><em>τῇ</em></strong></span> <span class='ocrx_word' id='word_1_280' title='bbox 274 4019 353 4092; x_wconf 73' lang='grc' dir='ltr'><strong><em>φύσει</em></strong></span> <span class='ocrx_word' id='word_1_281' title='bbox 376 4021 529 4095; x_wconf 74' lang='grc' dir='ltr'><strong><em>τυγχάνον,</em></strong></span> <span class='ocrx_word' id='word_1_282' title='bbox 556 4029 618 4079; x_wconf 81' lang='grc' dir='ltr'><strong><em>καὶ</em></strong></span> <span class='ocrx_word' id='word_1_283' title='bbox 645 4033 713 4080; x_wconf 85' lang='grc' dir='ltr'><strong><em>τοῦ</em></strong></span> <span class='ocrx_word' id='word_1_284' title='bbox 740 4027 997 4103; x_wconf 79' lang='grc' dir='ltr'><strong><em>προελομένου</em></strong></span> <span class='ocrx_word' id='word_1_285' title='bbox 1025 4022 1070 4080; x_wconf 86' lang='grc' dir='ltr'><strong><em>τά</em></strong></span> <span class='ocrx_word' id='word_1_286' title='bbox 1097 4032 1159 4093; x_wconf 76' lang='grc' dir='ltr'><strong><em>τῆς</em></strong></span> <span class='ocrx_word' id='word_1_287' title='bbox 1193 4040 1196 4045; x_wconf 86' lang='grc'><em>“</em></span> 
     </span>
     <span class='ocr_line' id='line_1_35' title="bbox 137 4110 1160 4183; baseline 0.004 -21"><span class='ocrx_word' id='word_1_288' title='bbox 137 4115 279 4176; x_wconf 53' lang='lat' dir='ltr'>aaziae.</span> <span class='ocrx_word' id='word_1_289' title='bbox 315 4111 359 4166; x_wconf 80' lang='lat' dir='ltr'><strong><em>cf.</em></strong></span> <span class='ocrx_word' id='word_1_290' title='bbox 378 4110 525 4166; x_wconf 82' lang='lat' dir='ltr'>Gottwald</span> <span class='ocrx_word' id='word_1_291' title='bbox 550 4111 568 4164; x_wconf 94' lang='lat' dir='ltr'><strong><em>l.</em></strong></span> <span class='ocrx_word' id='word_1_292' title='bbox 588 4129 611 4164; x_wconf 88' lang='lat' dir='ltr'><strong><em>o.</em></strong></span> <span class='ocrx_word' id='word_1_293' title='bbox 632 4129 697 4183; x_wconf 83' lang='lat' dir='ltr'>pag.</span> <span class='ocrx_word' id='word_1_294' title='bbox 716 4112 758 4167; x_wconf 76' lang='lat'><strong><em>26.</em></strong></span> <span class='ocrx_word' id='word_1_295' title='bbox 785 4143 819 4153; x_wconf 89' lang='lat'>—</span> <span class='ocrx_word' id='word_1_296' title='bbox 844 4113 910 4166; x_wconf 86' lang='lat' dir='ltr'>Bas.</span> <span class='ocrx_word' id='word_1_297' title='bbox 929 4112 985 4180; x_wconf 87' lang='lat'>111,</span> <span class='ocrx_word' id='word_1_298' title='bbox 1008 4113 1160 4182; x_wconf 75' lang='lat'>34113103</span> 
     </span>
     <span class='ocr_line' id='line_1_36' title="bbox 222 4284 1161 4356; baseline 0.003 -18"><span class='ocrx_word' id='word_1_299' title='bbox 222 4289 244 4356; x_wconf 75' lang='lat'><strong><em>⁹)</em></strong></span> <span class='ocrx_word' id='word_1_300' title='bbox 262 4285 371 4339; x_wconf 86' lang='lat' dir='ltr'>Eodem</span> <span class='ocrx_word' id='word_1_301' title='bbox 389 4284 472 4338; x_wconf 90' lang='lat' dir='ltr'>modo</span> <span class='ocrx_word' id='word_1_302' title='bbox 492 4289 520 4338; x_wconf 85' lang='lat' dir='ltr'><strong><em>et</em></strong></span> <span class='ocrx_word' id='word_1_303' title='bbox 537 4284 708 4338; x_wconf 84' lang='lat' dir='ltr'>Aristoteles</span> <span class='ocrx_word' id='word_1_304' title='bbox 731 4285 761 4338; x_wconf 91' lang='lat' dir='ltr'><strong><em>in</em></strong></span> <span class='ocrx_word' id='word_1_305' title='bbox 780 4285 844 4338; x_wconf 87' lang='lat' dir='ltr'>Eth.</span> <span class='ocrx_word' id='word_1_306' title='bbox 863 4287 927 4340; x_wconf 83' lang='lat' dir='ltr'>Nic.</span> <span class='ocrx_word' id='word_1_307' title='bbox 947 4286 1045 4355; x_wconf 77' lang='lat' dir='ltr'>111,i‚</span> <span class='ocrx_word' id='word_1_308' title='bbox 1065 4287 1161 4342; x_wconf 87' lang='lat' dir='ltr'>1113b</span> 
     </span>
     <span class='ocr_line' id='line_1_37' title="bbox 139 4371 1162 4444; baseline 0.003 -20"><span class='ocrx_word' id='word_1_309' title='bbox 139 4377 233 4427; x_wconf 82' lang='lat' dir='ltr'>eontra</span> <span class='ocrx_word' id='word_1_310' title='bbox 254 4372 384 4426; x_wconf 82' lang='lat' dir='ltr'>Platonis</span> <span class='ocrx_word' id='word_1_311' title='bbox 402 4387 534 4442; x_wconf 84' lang='lat' dir='ltr'>pugnans</span> <span class='ocrx_word' id='word_1_312' title='bbox 562 4371 681 4424; x_wconf 83' lang='lat' dir='ltr'>alteram</span> <span class='ocrx_word' id='word_1_313' title='bbox 709 4373 886 4438; x_wconf 83' lang='lat' dir='ltr'>sententiam,</span> <span class='ocrx_word' id='word_1_314' title='bbox 917 4390 974 4444; x_wconf 84' lang='lat' dir='ltr'><strong><em>qua</em></strong></span> <span class='ocrx_word' id='word_1_315' title='bbox 1000 4373 1105 4427; x_wconf 89' lang='lat' dir='ltr'>malum</span> <span class='ocrx_word' id='word_1_316' title='bbox 1132 4375 1162 4428; x_wconf 91' lang='lat' dir='ltr'><strong><em>in</em></strong></span> 
     </span>
    </p>
   </div>
   <div class='ocr_carea' id='block_1_6' title="bbox 0 0 1526 5084">
    <p class='ocr_par' dir='ltr' id='par_1_7' title="bbox 0 0 1526 5084">
     <span class='ocr_line' id='line_1_38' title="bbox 0 0 1526 5084; baseline 0 3"><span class='ocrx_word' id='word_1_317' title='bbox 0 0 1526 5084; x_wconf 95' lang='lat' dir='ltr'><strong><em> </em></strong></span> 
     </span>
    </p>
   </div>
  </div>
 </body>
</html>
