3042 5084
786 513 997 576 ,16-

463 680 587 746 Eadem
610 699 671 761 res,
694 699 791 764 quam
810 678 907 742 etiam
922 678 962 742 de
977 685 1111 763 utroque
1129 678 1281 761 Gregorio
1301 679 1418 744 adhuc

379 783 592 870 probavimus,
616 802 657 846 ex
680 786 747 844 tota
774 787 939 865 praeterea
968 801 1064 866 quam
1092 801 1178 844 nunc
1206 779 1246 846 de
1268 781 1416 846 Platone

380 892 509 950 auctore
533 885 697 948 instituam
720 885 907 969 quaestione
930 884 1070 969 undique
1091 884 1239 949 elucebit.

465 1005 529 1072 Sed
552 1012 723 1089 antequem
747 1005 788 1068 ad
811 1025 878 1069 rem
900 1005 1003 1090 ipsam
1025 1004 1186 1087 accedam,
1209 1026 1312 1090 pauca
1324 1005 1412 1068 mihi

378 1107 611 1194 praemittenda
635 1113 717 1172 sunt.

463 1211 587 1296 Nempe
610 1211 643 1273 in
666 1210 881 1294 disputatione
903 1231 999 1294 quam
1013 1211 1179 1274 institurus
1194 1232 1265 1274 sum
1284 1209 1410 1296 Nysse-

378 1336 456 1378 num
478 1314 619 1378 maxime
649 1314 774 1397 respexi
804 1313 837 1375 in
867 1313 1064 1397 exponendis
1086 1313 1135 1397 iis,
1164 1333 1246 1397 quae
1275 1312 1407 1376 Platoni
1477 1320 1480 1419 q

378 1417 496 1482 debent
527 1423 590 1480 tres
621 1417 664 1478 illi
695 1416 835 1500 episcopi
866 1453 905 1460 —
936 1422 1030 1500 atque
1059 1416 1091 1479 id
1121 1416 1250 1501 quidem
1279 1416 1407 1480 duabus
1479 1440 1481 1529 p

378 1520 417 1583 de
448 1520 561 1583 causis.
607 1519 760 1600 Primum,
790 1518 874 1602 qnod
903 1517 1069 1604 Nyssenus
1097 1521 1236 1583 maxime
1259 1519 1405 1583 Platonis

379 1622 517 1685 rationes
542 1622 779 1704 sententiasque
801 1621 834 1683 in
858 1643 950 1684 usum
975 1643 1068 1684 suum
1090 1623 1245 1686 convertit
1266 1621 1404 1706 ideoque

379 1725 506 1808 optime,
516 1744 578 1808 qno
591 1723 686 1786 modo
692 1724 860 1787 Platonem
869 1731 996 1787 secutus
1009 1725 1059 1806 sit,
1066 1724 1274 1788 demonstrari
1283 1730 1403 1808 potest3
1481 1682 1483 1771 l

379 1825 506 1909 deinde,
529 1826 613 1911 quod
636 1848 738 1910 nuper
760 1828 824 1890 iam
847 1826 887 1891 de
913 1828 1065 1910 Gregorio
1077 1827 1279 1891 Nazianzeno
1295 1827 1404 1890 Plato·
1482 1802 1484 1891 l

378 1931 448 1993 nico
484 1929 682 1994 Gottwaldus
721 1930 819 2006 (Dias.
849 1930 979 1996 Vratisl.
1012 1933 1106 2006 1906)
1143 1937 1176 1995 et
1211 1930 1250 1994 de
1281 1929 1404 1994 Basilio
1483 1922 1485 1995 l

378 2034 485 2098 Leslie
510 2033 611 2097 Shear
635 2032 737 2114 („The
761 2034 920 2097 influence
942 2035 976 2096 oi
997 2034 1090 2097 Plato
1114 2055 1154 2099 on
1179 2035 1270 2099 Saint
1291 2031 1400 2097 Basil“
1484 2044 1485 2071 ³

376 2137 550 2200 Baltimore
584 2137 677 2212 1906)
707 2136 934 2201 disseruerunt.
987 2137 1130 2210 Quorum
1159 2143 1292 2222 uterque
1328 2157 1403 2199 mea

376 2240 504 2325 quidem
528 2240 686 2303 sententia
708 2261 772 2302 non
794 2240 839 2303 ita
862 2245 947 2303 recte
970 2239 1217 2324 disputationem
1246 2240 1404 2325 disposuit

376 2349 471 2428 atque
496 2342 642 2408 confecit.
686 2343 881 2406 Nazianzeni
905 2344 989 2406 enim
1012 2344 1063 2408 vel
1085 2334 1195 2408 Basilii
1225 2365 1266 2408 ex
1296 2343 1403 2408 verbis

375 2452 408 2510 et
442 2447 572 2511 vocibus
606 2445 745 2529 undique
780 2447 984 2530 comportatis
1020 2484 1058 2491 -
1093 2448 1233 2511 maxime
1266 2447 1326 2510 hoc
1358 2446 1402 2509 ad

379 2548 595 2613 Gottwaldnm
625 2549 826 2632 pertinet-
857 2548 982 2611 illorum
1012 2550 1232 2634 episcoporum
1261 2543 1401 2613 rationes

375 2651 529 2735 quasdam
551 2651 640 2713 velut
668 2650 707 2712 de
735 2651 795 2714 deo
825 2657 858 2714 et
886 2651 1005 2714 mundo
1015 2653 1038 2727 ¹)
1063 2658 1257 2736 componunt
1283 2673 1401 2737 easque

376 2752 416 2817 ad
433 2753 601 2816 Platonem
618 2753 862 2838 Platonicosque
882 2755 1033 2820 referunt.
1067 2755 1152 2819 Sane
1167 2757 1247 2818 tales
1262 2756 1400 2819 rationes

375 2857 445 2941 plus
468 2857 614 2920 minusve
637 2856 760 2920 definiri
783 2865 925 2942 possunt,
949 2859 1005 2922 sed
1026 2880 1081 2922 eas
1096 2859 1236 2943 undique
1252 2860 1399 2923 collectas

376 2981 416 3022 ex
444 2959 504 3023 hoc
533 2960 583 3024 vel
612 2960 666 3022 illc
696 2959 885 3045 philosopho
916 2962 1046 3025 fluxisse
1077 2961 1226 3046 equidem
1264 2962 1398 3047 probare

374 3085 438 3127 non
462 3064 575 3129 audeo.
620 3064 705 3128 Istae
729 3066 814 3129 enim
844 3067 1031 3149 sententiae,
1061 3067 1200 3130 maxime
1230 3088 1288 3130 eae
1316 3087 1398 3151 quae

376 3174 450 3231 sunt
471 3167 511 3230 de
535 3167 605 3250 dec,
628 3169 681 3230 illo
705 3174 847 3252 tempore
870 3170 1064 3252 perusitatae
1087 3176 1187 3252 amnt,
1209 3191 1305 3253 quam
1330 3189 1397 3232 rem

375 3271 465 3333 multi
495 3271 548 3333 alii
578 3272 642 3334 iam
672 3271 792 3335 dudum
829 3273 983 3356 exemplis
1020 3273 1196 3336 docuerunt
1232 3273 1398 3358 (imprimis

375 3375 415 3439 A.
431 3374 584 3440 Jahnius:
607 3377 805 3457 „Methodius
821 3378 1037 3462 platonizans“
1055 3380 1129 3446 Hal.
1149 3385 1229 3447 1885
1247 3421 1285 3428 -
1304 3383 1398 3465 „Bas

375 3476 583 3562 plotiniaans“
614 3480 740 3545 Bernae
774 3484 854 3547 1838
878 3483 918 3547 al.
955 3484 1038 3560 loc).
1081 3485 1247 3570 Nyssenus
1279 3494 1398 3570 autem,

375 3583 428 3667 qui
462 3582 680 3667 philosophiae
710 3585 787 3648 satis
820 3586 945 3650 deditus
979 3595 1057 3670 erat,
1090 3589 1175 3652 solus
1208 3611 1272 3654 uon
1302 3591 1398 3654 modo

376 3686 535 3748 nonnullis
558 3687 591 3748 in
616 3689 780 3751 sententiis
812 3692 865 3766 (cf.
888 3712 960 3775 pag.
986 3694 1037 3769 18)
1069 3715 1088 3755 8
1116 3694 1238 3777 vulgari
1268 3697 1399 3760 recessit

375 3789 496 3852 ratione
520 3809 636 3874 easque
660 3793 799 3854 maxime
822 3794 966 3858 Platonis
989 3796 1135 3879 probavit
1156 3797 1316 3882 doctrinis,
1340 3798 1398 3862 sed

375 3891 472 3955 etiam
488 3892 616 3954 omnino
628 3893 764 3958 Platone
781 3916 876 3979 saepe
889 3918 964 3960 usus
976 3903 1034 3962 cst.
1056 3898 1277 3964 Nazianzenus
1290 3906 1397 3965 autem

375 4015 447 4057 cum
484 4000 585 4059 artem
615 3995 805 4062 rhetoricam
835 4006 868 4062 et
898 4000 1112 4084 eloquentiam
1146 4003 1239 4067 nimis
1275 4010 1399 4068 amaret

374 4118 469 4182 quam
512 4103 548 4160 ut
587 4099 619 4161 in
649 4099 882 4185 philosophiam
911 4103 973 4166 alte
1004 4110 1194 4188 penetraret,
1234 4127 1297 4172 non
1331 4114 1396 4171 tam

461 4304 482 4371 1)
502 4301 648 4358 Gottwald
668 4303 702 4356 de
721 4303 764 4356 his
783 4304 869 4357 rebus
887 4305 953 4358 inde
972 4323 989 4358 a
1007 4324 1072 4377 pag.
1093 4308 1197 4362 16-28
1215 4308 1351 4380 disputat.
