3042 5084
528 527 736 590 *17-

103 697 260 760 Platonis
290 695 463 759 aliorumve
493 695 642 760 utebatur
670 695 846 758 rationibus
880 715 975 778 quam
1011 693 1143 777 singulis

106 821 228 863 eorum
249 786 388 863 ¹vocibus
418 804 451 862 et
481 798 603 882 verbis3
636 818 695 862 111
723 798 830 861 minus
858 798 1014 862 Basilium
1042 799 1142 861 multo

103 904 218 986 magis
253 902 401 987 operibus
436 902 500 965 suis
534 902 689 966 excellere
723 907 819 985 atque
851 902 1003 964 institutis
1046 922 1142 986 quam

106 1006 310 1090 cogitatione
333 1004 384 1068 vel
407 1004 581 1068 rationibus
605 1009 699 1067 antea
722 1004 788 1066 iam
810 1003 886 1068 dixi.

201 1105 339 1170 Accedit
361 1105 506 1170 alterum.
550 1104 618 1168 Illis
640 1105 674 1167 in
697 1105 964 1190 disputationibus
986 1126 1050 1169 uon
1078 1105 1142 1169 dis·

107 1215 289 1274 cernuntur
310 1229 359 1292 ea,
382 1229 464 1294 quae
487 1208 654 1291 adipsum
677 1208 813 1272 redeunt
834 1208 1003 1271 Platonem
1029 1229 1141 1292 eaque,

107 1335 197 1398 quae
221 1313 282 1376 illis
306 1312 501 1396 temporibus
524 1312 618 1394 vulgo
641 1312 853 1375 credebantur
873 1312 925 1375 vel
940 1332 981 1374 ex
996 1311 1141 1395 Philone,

108 1418 255 1500 Origene
279 1416 388 1480 aliisve
412 1416 554 1500 patribus
572 1415 613 1478 ad
630 1415 700 1479 illos
722 1417 887 1501 episcopos
903 1421 1140 1500 permanarunt.

109 1521 260 1595 Quarum
283 1520 442 1582 rationum
465 1539 560 1604 supra
582 1519 719 1603 plurima
741 1520 805 1582 iam
828 1521 1084 1585 commemoravi.
1135 1527 1137 1534 '

203 1623 326 1698 Quibus
356 1622 395 1686 de
425 1622 529 1686 causis
564 1624 626 1686 alia
658 1623 718 1686 hac
751 1623 784 1685 in
818 1623 1032 1709 disputatione
1065 1645 1141 1687 usus

112 1749 187 1790 sum
217 1727 313 1803 1111)
359 1725 409 1789 Ε1
438 1727 533 1808 euim,
563 1747 644 1810 quae
674 1727 818 1790 Platonis
847 1726 925 1789 mihi
956 1749 1027 1791 esse
1055 1727 1141 1791 vide·

110 1831 241 1913 bantur,
269 1829 310 1893 ad
338 1829 478 1912 singulos
501 1829 645 1891 Platonis
668 1830 775 1892 rettuli
802 1829 954 1914 dialogos,
983 1829 1141 1915 quomodo

112 1933 211 1996 simul
244 1937 406 2016 appareat,
440 1930 554 2016 quibus
580 1931 713 2014 dialogis
747 1937 811 1994 tres
844 1931 889 1993 illi
922 1932 1061 2017 episcopi
1091 1931 1141 1994 usi

113 2037 179 2099 sint
211 2034 389 2119 quibusque
421 2035 560 2098 maxime
597 2035 630 2097 iu
664 2035 798 2118 scriptis.
843 2034 908 2098 Sed
938 2040 974 2097 ut
1001 2035 1140 2098 maxime

113 2138 242 2222 respexi
264 2137 447 2223 Nyssenum
475 2137 542 2200 istis
573 2137 612 2200 de
636 2137 750 2221 causis,
779 2158 858 2222 quas
881 2144 976 2201 antea
998 2138 1141 2222 exposui,

114 2243 160 2305 sic
190 2242 375 2328 plerumque
406 2241 555 2305 annotavi
586 2247 709 2326 tantum
745 2242 843 2305 verba
878 2263 927 2326 ea,
952 2263 1034 2326 quae
1068 2263 1140 2304 cum

114 2345 310 2408 Nazianzeni
343 2345 518 2429 Basiliique
554 2351 742 2428 congruunt,
784 2345 845 2408 nisi
889 2365 971 2430 quae
1015 2345 1076 2408 illis
1110 2344 1144 2407 in

115 2448 387 2533 disputationibus
417 2447 564 2531 neglecta
598 2448 648 2511 vel
678 2469 741 2510 non
771 2454 856 2512 11111
893 2448 1038 2533 exposita
1073 2471 1144 2513 esse

115 2552 277 2635 putabam.

202 2654 325 2728 Quibus
350 2654 504 2740 expositis
527 2675 611 2718 nuuc
634 2659 834 2718 transeamus
853 2653 893 2718 ad
914 2653 1145 2719 consideranda

118 2779 165 2841 ea,
187 2778 269 2842 quae
292 2757 420 2822 Platoni
443 2759 503 2842 ipsi
526 2756 692 2822 debentur.
738 2749 846 2842 Atque
861 2758 999 2841 primum
1014 2757 1143 2843 quidem

118 2883 392 2946 eas-exponamus
416 2863 600 2945 sententias,
624 2883 705 2946 quae
729 2883 793 2924 non
817 2861 858 2925 ad
881 2868 984 2925 certos
1000 2859 1143 2925 Platonis

120 2963 225 3028 referri
249 2971 382 3048 possunt
413 2965 566 3049 dialogos,
597 2964 653 3029 sed
677 2986 718 3028 ex
740 2965 875 3049 propriis
898 2965 966 3028 eius
990 2965 1143 3049 repetitae

121 3074 192 3130 sunt
213 3068 401 3152 praeceptis,
424 3089 506 3152 quae
530 3068 649 3152 passim
672 3069 886 3133 inveniuntur.

201 3171 325 3244 Quibus
349 3171 493 3235 Platonis
517 3171 682 3236 sententiis
705 3172 750 3235 illi
774 3171 915 3256 episcopi
938 3171 1078 3233 maxime
1094 3171 1144 3233 usi

121 3273 243 3336 suntin
267 3273 426 3358 dogmate,
449 3274 534 3359 quod
556 3281 605 3338 est
627 3274 667 3338 de
691 3275 841 3346 trinitate.
870 3345 875 3353 ,

200 3375 365 3462 Nyssenus
399 3377 432 3440 iu
465 3378 546 3441 libro
579 3377 620 3440 ad
654 3375 829 3441 Ablabium
867 3376 1027 3461 quendam
1069 3376 1144 3440 dato

124 3479 176 3562 (II,
191 3481 248 3543 115
263 3482 341 3564 seq.)
367 3480 400 3543 in
423 3501 535 3566 eoque,
558 3481 611 3565 qui
634 3480 817 3544 inscribitur
841 3479 899 3562 ,de
923 3479 1144 3544 communibus

122 3581 317 3648 notionibus“
345 3584 400 3668 (II,
419 3585 478 3649 175
492 3588 569 3670 seq.)
595 3591 628 3648 et
647 3585 717 3649 aliis
733 3585 810 3648 loeis
826 3606 908 3672 quae
924 3586 1004 3649 ratio
1018 3585 1145 3650 intersit

123 3689 199 3751 iuter
227 3687 328 3751 solum
360 3687 454 3752 deum
485 3694 518 3752 et
546 3689 720 3752 trinitatem
753 3687 814 3751 hoc
847 3688 941 3751 modo
975 3688 1142 3774 explanat:

125 3791 283 3875 (imprimis
304 3790 385 3855 haec
401 3791 495 3855 docet
509 3791 553 3875 H,
570 3793 629 3855 117
642 3790 679 3874 O,
695 3791 725 3855 D
741 3794 777 3875 73
795 3791 895 3855 1751.
911 3813 993 3876 seq.;
1011 3795 1143 3875 -1773

126 3931 161 3938 —
184 3892 280 3958 185A
303 3895 381 3978 seq.)
410 3894 509 3958 Utin
540 3894 600 3958 deo
635 3899 698 3957 tres
733 3893 956 3957 discemuntur
988 3915 1143 3979 personae

129 4063 318 4073 ...---..

204 4148 223 4215 ¹)
242 4145 410 4216 praesertim
429 4164 492 4199 cum
511 4146 634 4213 Nysseni
662 4145 697 4199 de
724 4146 845 4216 singulis
871 4146 956 4200 rebus
983 4146 1142 4200 sententiae

42 4221 45 4234 '
86 4261 90 4268 ·
128 4233 227 4302 saepius
253 4233 309 4286 iam
334 4232 391 4285 1111
417 4234 562 4304 expositae
588 4266 619 4271 —
647 4233 682 4287 ci.
710 4233 803 4303 Rupp.
829 4233 847 4285 1,
875 4251 898 4286 c.
924 4231 1044 4304 Stigler,
1070 4232 1140 4301 „Die

129 4321 302 4392 Psycbologie
323 4319 374 4372 des
392 4319 430 4379 hl,
449 4321 562 4393 Gregor
580 4341 606 4378 1.
624 4322 686 4386 N.“‚
705 4321 846 4392 Regeusb.
866 4321 943 4378 1857.

930 4407 948 4460 2
