3042 5084
534 554 722 614 ..9.-

112 711 193 786 {istic
218 715 327 789 αἴτιος,
359 715 454 778 κακοῦ
477 711 724 785 &contentiori
747 712 913 796 παράπαν,
941 713 1057 799 ἐπειδὴ
1089 717 1141 778 καὶ

112 815 150 881 τό
183 818 405 900 πρεσβύτατον
436 818 498 881 τῶν
541 814 644 882 ὄντων
678 820 729 883 καὶ
772 805 972 883 τελειότατον
1015 811 1142 897 ἀγαθὸν

112 915 212 991 ἀντός
241 906 299 989 tiv‘.
353 923 455 986 Immo
485 924 731 1008 pulcherrimum
765 931 798 987 et
833 925 1141 1008 praestantissimum

113 1027 232 1091 bonum
258 1031 323 1091 est:
356 1027 383 1108 Ι,
406 1029 436 1108 2,
449 1030 506 1091 2οε
537 1029 697 1105 ,κρείττων
729 1015 749 1106 ἢ
781 1017 879 1109 ἀρετὴ
908 1025 961 1086 καὶ
991 1024 1142 1106 κρείττων

114 1178 165 1196 ...
186 1121 300 1212 ἢαίνιὸ
323 1123 360 1191 τὸ
384 1122 507 1208 ἀγαθὸν
525 1129 576 1191 καὶ
594 1121 670 1192 αὐτὸ
686 1125 724 1191 τὸ
740 1125 848 1194 καλόν.
877 1130 928 1194 On
939 1130 990 1213 V.,
1003 1132 1076 1212 344,
1092 1132 1140 1195 17.

202 1234 374 1298 Praeterea
397 1233 455 1296 soli
471 1233 531 1296 deo
546 1239 583 1296 ut
597 1254 720 1296 summo
743 1234 827 1297 bono
848 1233 987 1296 essentia
1002 1232 1140 1296 obvenit.

115 1336 238 1401 Malum
261 1343 380 1418 contra,
412 1358 484 1399 cum
507 1336 586 1400 nihil
614 1337 700 1400 aliud
730 1338 771 1399 sit
800 1336 860 1399 nisi
889 1336 964 1400 boni
996 1335 1140 1419 privatio,

115 1439 275 1522 (στέρησις
290 1430 427 1517 ἀγαθοῦ)
451 1441 586 1503 omnino
603 1461 667 1504 non
690 1440 835 1504 consistit
857 1477 896 1492 μ
919 1433 964 1520 μὴ
979 1432 1017 1498 ὅν
1033 1444 1082 1502 est
1102 1474 1139 1483 -

116 1541 167 1614 Of.
191 1543 304 1607 Zeller.
327 1541 389 1624 III,
413 1542 464 1626 2⁴,
488 1564 559 1627 pag.
585 1544 647 1606 434
671 1564 737 1626 seq.

203 1644 323 1710 Iisdem
345 1647 526 1729 perusitatis
541 1652 576 1710 et
591 1666 610 1708 a
625 1644 820 1730 philosophis
836 1651 869 1708 et
883 1644 1025 1728 patribus
1041 1643 1141 1707 eccle·

115 1748 251 1812 siasticis
274 1749 409 1832 receptis
433 1748 598 1813 sententiis
629 1754 692 1812 tres
720 1749 767 1810 illi
797 1747 935 1831 episcopi
965 1745 1139 1809 identidem

115 1851 165 1914 nsi
212 1857 294 1915 sunt.
350 1851 456 1915 Deum
490 1848 594 1937 ipsum
636 1846 673 1912 τὸ
708 1853 822 1928 κυρίως
854 1849 905 1910 καὶ
937 1842 1070 1928 πρώτως
1102 1837 1141 1908 ὂν

117 1953 226 2038 (Nysa.
249 1953 293 2036 II,
317 1954 399 2018 801)
431 1990 470 1998 -
498 1955 572 2020 sim.
603 1956 682 2018 Naz.
705 1953 749 2037 II,
782 1953 880 2018 1200
904 1954 982 2036 seq.)
1018 1953 1069 2016 vel
1101 1947 1139 2011 τὸ

115 2051 306 2131 ἐξοχοῐταιον
338 2047 461 2133 ἀγαθόν
495 2058 601 2142 (Nyss.
635 2057 662 2140 I,
695 2059 752 2121 161
778 2056 803 2119 0
837 2059 870 2131 2)
912 2055 964 2118 vel
993 2048 1142 2114 ἐπίκοινα

115 2154 234 2225 παντὸς
257 2149 384 2235 ἀγαθοῦ
407 2158 743 2244 (Nyss.1fl,93A10
768 2194 807 2202 —
831 2142 905 2222 Bas.
928 2158 954 2240 Ι,
981 2157 1082 2221 363Β
1100 2194 1138 2201 -

117 2261 232 2337 216Β)
257 2281 328 2325 esse
351 2260 482 2344 docent3
506 2262 589 2329 malo
613 2268 720 2325 eutem
743 2282 816 2324 cum
838 2260 914 2323 boni
937 2260 978 2322 sit
1006 2259 1140 2342 privatio

113 2364 235 2427 nullam
268 2364 505 2428 subsistentiam
535 2365 697 2428 ascribunt
728 2365 835 2449 (Nysa.
858 2363 902 2444 ΙΙ,
933 2365 974 2426 24
1003 2383 1069 2445 seq.
1100 2398 1139 2406 -

115 2465 213 2547 2803
236 2469 277 2530 32
291 2465 326 2530 O.
354 2455 455 2531 'Nea
478 2467 522 2550 Π,
552 2467 657 2531 424Α
688 2505 727 2512 -
756 2467 832 2531 Bas.
855 2465 916 2530 HI.
947 2465 1055 2529 341Β
1086 2466 1138 2540 -)

114 2569 209 2653 Nyss.
232 2568 294 2652 HI,
317 2573 358 2634 93
370 2570 401 2633 Α
416 2573 455 2634 10
477 2571 537 2635 ait:
569 2614 577 2647 ,
596 2622 601 2633 .
620 2622 627 2636 .
645 2617 651 2633 .
670 2566 815 2656 ,παντὸς
844 2565 968 2646 ἀγαθοῦ
996 2563 1140 2627 ἐπέκεινα

116 2666 231 2753 vittata
254 2666 584 2755 (jocco...,s}xnnlo
604 2672 687 2755 μόνη
705 2720 712 2736 .
730 2667 807 2738 ..ἐι
828 2661 888 2732 κᾶν
902 2665 1084 2748 παράδοξον
1098 2665 1139 2729 εί-

116 2781 203 2853 πεῖν,
225 2771 259 2836 ἐν
278 2778 322 2858 τῷ
348 2768 393 2857 μὴ
416 2765 498 2837 εἶναι
528 2771 563 2837 τὸ
596 2767 677 2838 εἶναι
707 2771 787 2853 ἔχει·
832 2765 868 2836 οὗ
899 2768 958 2852 γὰρ
988 2767 1066 2854 ἄλλη
1094 2775 1140 2841 τίς

26 2881 44 2894 ‘
115 2873 183 2939 ἐστι
204 2879 310 2946 κακίας
340 2883 470 2956 γένεσις,
500 2871 599 2962 εἰμὴ
628 2880 684 2941 τοῦ
714 2874 809 2946 ὄντος
839 2880 1000 2957 στέρησις·
1037 2871 1074 2936 τὸ
1104 2873 1141 2936 δὲ

113 2981 226 3058 κνρίως
259 2969 296 3040 ὂν
322 2971 341 3063 ἡ
369 2977 424 3042 τοῦ
447 2975 684 3063 crataegonon
707 2977 814 3044 ἐστίν.
858 2979 921 3044 Vel
935 2979 979 3060 II,
999 2980 1039 3041 32
1063 2977 1138 3042 Oe:

115 3125 140 3151 ‚.
159 3084 347 3164 ..πονηρία
367 3133 377 3161 γ.
394 3129 427 3148 ..
451 3081 541 3145 πᾶσα
564 3079 599 3146 ἐν
619 3081 660 3167 τῇ
681 3081 736 3146 τοῦ
759 3075 883 3161 nyctos]
905 3078 1055 3162 στερήσει
1079 3099 1140 3155 χα-

114 3184 335 3268 ρακτηρίζεται
355 3177 489 3248 oanan
514 3182 612 3272 αὐτὴν
633 3177 723 3259 οὖσα,
753 3177 829 3248 οὐδὲ
857 3176 934 3256 καθ’
959 3178 1140 3246 ὑπόστασιν

114 3290 324 3373 θεωρουμένη
347 3341 354 3356 .
378 3343 385 3358 .
411 3345 418 3360 .
443 3291 481 3355 τό
507 3290 545 3354 δὲ
565 3288 611 3376 μὴ
635 3283 673 3352 ὒν
695 3286 751 3367 οὐχ
775 3283 942 3374 ὑφέστηκε.
968 3329 999 3335 -
1037 3291 1138 3356 24]);

66 3391 71 3403 ’
113 3390 270 3472 καθάπερ
294 3443 324 3458 ..
346 3445 353 3460 .
379 3389 398 3478 ἡ
421 3387 533 3474 ὅρασις
555 3392 680 3476 φύσεώς
704 3390 774 3457 ἐστι
792 3390 943 3475 ἐνέργεια,
974 3389 994 3474 ἡ
1014 3392 1051 3456 δὲ
1071 3390 1139 3476 πή-

116 3513 212 3574 ρωσις
246 3500 393 3580 στέρησίς
422 3519 480 3567 τις
499 3496 554 3579 τῆς
583 3495 715 3580 φυσικῆς
745 3493 916 3578 ἐνεργείας,
957 3489 1058 3565 οὕτως
1086 3497 1139 3558 καί

115 3591 134 3677 ἡ
158 3589 255 3681 αἱρετὴ
276 3594 360 3679 πρὸς
379 3597 438 3681 τὴν
458 3604 569 3688 κακίαν
598 3591 806 3685 ἀνθέστηκεν.
850 3592 894 3659 οὐ
925 3596 994 3681 γάρ
1024 3595 1139 3662 ἐστιν

114 3695 241 3784 ἄλλην
268 3707 411 3771 κακίας
434 3707 598 3782 γένεσιν
621 3700 771 3785 ἐννοῆσαι
795 3694 814 3785 ἢ
839 3695 987 3784 ἀρετῆς
1013 3696 1138 3765 ἀπον-

116 3805 223 3866 σίαν.
277 3806 450 3872 Praeterea
478 3808 554 3872 Bas.
584 3808 645 3891 III,
675 3809 735 3871 341
756 3807 785 3871 Β
807 3810 862 3875 14:
902 3811 1048 3890 στέρησις
1080 3799 1137 3886 γὰρ

112 3964 258 4039 εὐδαίμονι
275 3976 365 4050 χορῷ)
391 3973 427 4027 nd
451 3975 614 4027 Platonicos
640 3975 826 4043 permanavit.
861 3974 904 4029 Cf.
924 3975 997 4027 Plot.
1024 3975 1096 4029 Enn.
1115 3975 1137 4043 I,

114 4055 139 4121 8,
158 4053 175 4107 2
193 4087 226 4095 -
246 4058 367 4130 aliaque,
386 4077 458 4131 qnae
477 4059 511 4114 Α.
530 4061 607 4116 Jahn
627 4061 707 4128 „Bes
726 4063 914 4130 plotinizans“
934 4080 961 4131 p.
982 4062 1027 4129 193
1056 4062 1090 4114 43
1109 4067 1138 4115 et

115 4141 260 4196 Gottwald
287 4146 347 4213 „De
366 4147 506 4218 Gregorio
534 4149 603 4202 Ner.
632 4149 804 4218 platonico“,
829 4149 904 4202 Diss.
924 4148 1039 4206 Vrat-isl.
1061 4147 1137 4216 1906,

113 4247 140 4298 p.
160 4229 194 4283 47
213 4248 271 4302 seq.
290 4233 425 4288 afferunt.
462 4236 531 4288 Naz.
549 4234 588 4302 ΙΙ,
607 4235 687 4300 vam
707 4235 803 4303 32003
822 4236 917 4303 62903
944 4236 1009 4289 Bas,
1023 4234 1072 4302 IV,
1087 4235 1138 4288 140

113 4315 191 4370 illam
210 4321 381 4376 sententiam
400 4323 548 4394 coniungit
566 4340 629 4376 cnm
648 4323 702 4377 Iso.
722 4323 772 4391 VI,
790 4324 815 4376 3.
