<?xml version="1.0" encoding="UTF-8"?>
<!DOCTYPE html PUBLIC "-//W3C//DTD XHTML 1.0 Transitional//EN"
    "http://www.w3.org/TR/xhtml1/DTD/xhtml1-transitional.dtd">
<html xmlns="http://www.w3.org/1999/xhtml" xml:lang="en" lang="en">
 <head>
  <title>
</title>
<meta http-equiv="Content-Type" content="text/html;charset=utf-8" />
  <meta name='ocr-system' content='tesseract 3.04.00' />
  <meta name='ocr-capabilities' content='ocr_page ocr_carea ocr_par ocr_line ocrx_word'/>
</head>
<body>
  <div class='ocr_page' id='page_1' title='image "./debasiliogregor00grongoog_0012.png"; bbox 0 0 3042 5084; ppageno 0'>
   <div class='ocr_carea' id='block_1_1' title="bbox 840 569 1028 630">
    <p class='ocr_par' dir='ltr' id='par_1_1' title="bbox 840 569 1028 630">
     <span class='ocr_line' id='line_1_1' title="bbox 840 569 1028 630; baseline -0.016 -15"><span class='ocrx_word' id='word_1_1' title='bbox 840 569 1028 630; x_wconf 67' lang='lat'>„3-</span> 
     </span>
    </p>
   </div>
   <div class='ocr_carea' id='block_1_2' title="bbox 326 727 1482 2240">
    <p class='ocr_par' dir='ltr' id='par_1_2' title="bbox 326 727 1482 2160">
     <span class='ocr_line' id='line_1_2' title="bbox 420 727 1445 815; baseline -0.001 -18"><span class='ocrx_word' id='word_1_2' title='bbox 420 729 495 798; x_wconf 81' lang='grc' dir='ltr'>σῦδὲ</span> <span class='ocrx_word' id='word_1_3' title='bbox 517 727 706 815; x_wconf 74' lang='grc' dir='ltr'><em>ἀμφοτέρων</em></span> <span class='ocrx_word' id='word_1_4' title='bbox 727 731 823 814; x_wconf 86' lang='grc' dir='ltr'><em>χωρὶς</em></span> <span class='ocrx_word' id='word_1_5' title='bbox 836 734 891 795; x_wconf 80' lang='grc' dir='ltr'>τοῦ</span> <span class='ocrx_word' id='word_1_6' title='bbox 914 731 980 814; x_wconf 82' lang='grc' dir='ltr'>νοῦ,</span> <span class='ocrx_word' id='word_1_7' title='bbox 1004 727 1023 796; x_wconf 79' lang='grc' dir='ltr'><em>ὃ</em></span> <span class='ocrx_word' id='word_1_8' title='bbox 1044 733 1096 795; x_wconf 79' lang='grc' dir='ltr'>καὶ</span> <span class='ocrx_word' id='word_1_9' title='bbox 1117 731 1239 813; x_wconf 82' lang='grc' dir='ltr'><em>μᾶλλον</em></span> <span class='ocrx_word' id='word_1_10' title='bbox 1259 727 1445 813; x_wconf 68' lang='grc' dir='ltr'><em>ἅνθρωπος.</em></span> 
     </span>
     <span class='ocr_line' id='line_1_3' title="bbox 423 838 1446 920; baseline -0.003 -18"><span class='ocrx_word' id='word_1_11' title='bbox 423 840 548 914; x_wconf 80' lang='lat' dir='ltr'><strong>Quibus</strong></span> <span class='ocrx_word' id='word_1_12' title='bbox 577 840 609 902; x_wconf 93' lang='lat' dir='ltr'>in</span> <span class='ocrx_word' id='word_1_13' title='bbox 638 840 743 902; x_wconf 88' lang='lat' dir='ltr'>verbis</span> <span class='ocrx_word' id='word_1_14' title='bbox 778 839 859 902; x_wconf 90' lang='lat' dir='ltr'>duae</span> <span class='ocrx_word' id='word_1_15' title='bbox 881 838 990 902; x_wconf 88' lang='lat' dir='ltr'>insunt</span> <span class='ocrx_word' id='word_1_16' title='bbox 1012 838 1206 902; x_wconf 87' lang='lat' dir='ltr'>sententiae:</span> <span class='ocrx_word' id='word_1_17' title='bbox 1240 838 1349 919; x_wconf 81' lang='lat' dir='ltr'>altera,</span> <span class='ocrx_word' id='word_1_18' title='bbox 1380 859 1446 920; x_wconf 88' lang='lat' dir='ltr'>qua</span> 
     </span>
     <span class='ocr_line' id='line_1_4' title="bbox 420 940 1446 1025; baseline -0.003 -20"><span class='ocrx_word' id='word_1_19' title='bbox 420 942 515 1005; x_wconf 94' lang='lat' dir='ltr'>homo</span> <span class='ocrx_word' id='word_1_20' title='bbox 550 949 695 1006; x_wconf 78' lang='lat' dir='ltr'>constare</span> <span class='ocrx_word' id='word_1_21' title='bbox 729 941 844 1004; x_wconf 88' lang='lat' dir='ltr'>dieitur</span> <span class='ocrx_word' id='word_1_22' title='bbox 877 961 917 1004; x_wconf 85' lang='lat' dir='ltr'>ex</span> <span class='ocrx_word' id='word_1_23' title='bbox 950 962 1090 1025; x_wconf 79' lang='lat' dir='ltr'>corpore,</span> <span class='ocrx_word' id='word_1_24' title='bbox 1124 940 1231 1004; x_wconf 90' lang='lat' dir='ltr'>anima</span> <span class='ocrx_word' id='word_1_25' title='bbox 1263 945 1446 1022; x_wconf 85' lang='lat' dir='ltr'>menteque,</span> 
     </span>
     <span class='ocr_line' id='line_1_5' title="bbox 420 1043 1446 1132; baseline -0.003 -24"><span class='ocrx_word' id='word_1_26' title='bbox 420 1046 615 1129; x_wconf 68' lang='lat' dir='ltr'>alteraque</span> <span class='ocrx_word' id='word_1_27' title='bbox 644 1045 739 1132; x_wconf 91' lang='lat' dir='ltr'>homo</span> <span class='ocrx_word' id='word_1_28' title='bbox 770 1044 837 1108; x_wconf 90' lang='lat' dir='ltr'>sola</span> <span class='ocrx_word' id='word_1_29' title='bbox 865 1050 973 1108; x_wconf 89' lang='lat' dir='ltr'>mente</span> <span class='ocrx_word' id='word_1_30' title='bbox 1006 1043 1165 1110; x_wconf 88' lang='lat' dir='ltr'>definitur.</span> <span class='ocrx_word' id='word_1_31' title='bbox 1208 1043 1351 1127; x_wconf 90' lang='lat' dir='ltr'>Utraque</span> <span class='ocrx_word' id='word_1_32' title='bbox 1373 1064 1446 1106; x_wconf 85' lang='lat' dir='ltr'>sou·</span> 
     </span>
     <span class='ocr_line' id='line_1_6' title="bbox 421 1146 1448 1231; baseline -0.005 -19"><span class='ocrx_word' id='word_1_33' title='bbox 421 1149 521 1212; x_wconf 89' lang='lat' dir='ltr'>tentia</span> <span class='ocrx_word' id='word_1_34' title='bbox 543 1147 625 1212; x_wconf 89' lang='lat' dir='ltr'>redit</span> <span class='ocrx_word' id='word_1_35' title='bbox 640 1147 680 1211; x_wconf 88' lang='lat' dir='ltr'>ad</span> <span class='ocrx_word' id='word_1_36' title='bbox 696 1148 875 1230; x_wconf 83' lang='lat' dir='ltr'>Platonem,</span> <span class='ocrx_word' id='word_1_37' title='bbox 898 1147 1038 1231; x_wconf 91' lang='lat' dir='ltr'>quinon</span> <span class='ocrx_word' id='word_1_38' title='bbox 1062 1146 1163 1210; x_wconf 91' lang='lat' dir='ltr'>solum</span> <span class='ocrx_word' id='word_1_39' title='bbox 1187 1146 1346 1209; x_wconf 89' lang='lat' dir='ltr'>hominem</span> <span class='ocrx_word' id='word_1_40' title='bbox 1371 1166 1448 1208; x_wconf 87' lang='lat' dir='ltr'>oon·</span> 
     </span>
     <span class='ocr_line' id='line_1_7' title="bbox 420 1247 1449 1334; baseline -0.004 -19"><span class='ocrx_word' id='word_1_41' title='bbox 420 1257 503 1316; x_wconf 88' lang='lat' dir='ltr'>stare</span> <span class='ocrx_word' id='word_1_42' title='bbox 527 1251 604 1315; x_wconf 89' lang='lat' dir='ltr'>dioit</span> <span class='ocrx_word' id='word_1_43' title='bbox 625 1273 666 1315; x_wconf 85' lang='lat' dir='ltr'>ex</span> <span class='ocrx_word' id='word_1_44' title='bbox 688 1272 819 1334; x_wconf 86' lang='lat' dir='ltr'>corpore</span> <span class='ocrx_word' id='word_1_45' title='bbox 835 1257 868 1314; x_wconf 89' lang='lat' dir='ltr'>et</span> <span class='ocrx_word' id='word_1_46' title='bbox 883 1249 999 1331; x_wconf 71' lang='lat' dir='ltr'>anima,</span> <span class='ocrx_word' id='word_1_47' title='bbox 1026 1251 1228 1334; x_wconf 81' lang='lat' dir='ltr'>animamque</span> <span class='ocrx_word' id='word_1_48' title='bbox 1244 1271 1351 1312; x_wconf 87' lang='lat' dir='ltr'>rursus</span> <span class='ocrx_word' id='word_1_49' title='bbox 1367 1247 1449 1312; x_wconf 88' lang='lat' dir='ltr'>divi-</span> 
     </span>
     <span class='ocr_line' id='line_1_8' title="bbox 420 1351 1447 1436; baseline -0.003 -19"><span class='ocrx_word' id='word_1_50' title='bbox 420 1354 467 1417; x_wconf 94' lang='lat' dir='ltr'>dit</span> <span class='ocrx_word' id='word_1_51' title='bbox 489 1355 522 1417; x_wconf 91' lang='lat' dir='ltr'>in</span> <span class='ocrx_word' id='word_1_52' title='bbox 546 1354 733 1417; x_wconf 77' lang='lat' dir='ltr'>rationalem</span> <span class='ocrx_word' id='word_1_53' title='bbox 756 1358 790 1416; x_wconf 87' lang='lat' dir='ltr'>et</span> <span class='ocrx_word' id='word_1_54' title='bbox 811 1353 1026 1416; x_wconf 86' lang='lat' dir='ltr'>irrationalem</span> <span class='ocrx_word' id='word_1_55' title='bbox 1049 1358 1171 1436; x_wconf 87' lang='lat' dir='ltr'>partem</span> <span class='ocrx_word' id='word_1_56' title='bbox 1197 1353 1249 1429; x_wconf 79' lang='lat' dir='ltr'>(of.</span> <span class='ocrx_word' id='word_1_57' title='bbox 1266 1352 1348 1416; x_wconf 85' lang='lat' dir='ltr'>Tim.</span> <span class='ocrx_word' id='word_1_58' title='bbox 1365 1351 1447 1415; x_wconf 80' lang='lat' dir='ltr'>6th</span> 
     </span>
     <span class='ocr_line' id='line_1_9' title="bbox 422 1455 1482 1542; baseline -0.004 -21"><span class='ocrx_word' id='word_1_59' title='bbox 422 1480 488 1542; x_wconf 89' lang='lat' dir='ltr'>seq.</span> <span class='ocrx_word' id='word_1_60' title='bbox 511 1458 551 1522; x_wconf 88' lang='lat' dir='ltr'>al.</span> <span class='ocrx_word' id='word_1_61' title='bbox 574 1458 633 1522; x_wconf 89' lang='lat' dir='ltr'>loo.</span> <span class='ocrx_word' id='word_1_62' title='bbox 666 1495 705 1502; x_wconf 92' lang='lat'>—</span> <span class='ocrx_word' id='word_1_63' title='bbox 736 1457 926 1521; x_wconf 89' lang='lat' dir='ltr'>Aristoteles</span> <span class='ocrx_word' id='word_1_64' title='bbox 956 1477 1080 1540; x_wconf 89' lang='lat' dir='ltr'>quoque</span> <span class='ocrx_word' id='word_1_65' title='bbox 1110 1457 1183 1520; x_wconf 86' lang='lat' dir='ltr'>huis</span> <span class='ocrx_word' id='word_1_66' title='bbox 1213 1455 1451 1520; x_wconf 82' lang='lat' dir='ltr'>assentiebatur</span> <span class='ocrx_word' id='word_1_67' title='bbox 1481 1512 1482 1517; x_wconf 73' lang='grc'><strong>,</strong></span> 
     </span>
     <span class='ocr_line' id='line_1_10' title="bbox 326 1540 1482 1644; baseline -0.003 -19"><span class='ocrx_word' id='word_1_68' title='bbox 326 1611 330 1615; x_wconf 76' lang='grc'><strong>-</strong></span> <span class='ocrx_word' id='word_1_69' title='bbox 425 1561 628 1643; x_wconf 88' lang='lat' dir='ltr'>sententiae),</span> <span class='ocrx_word' id='word_1_70' title='bbox 657 1560 713 1623; x_wconf 85' lang='lat' dir='ltr'>sed</span> <span class='ocrx_word' id='word_1_71' title='bbox 736 1561 833 1623; x_wconf 90' lang='lat' dir='ltr'>etiam</span> <span class='ocrx_word' id='word_1_72' title='bbox 856 1561 1002 1623; x_wconf 88' lang='lat' dir='ltr'>rationali</span> <span class='ocrx_word' id='word_1_73' title='bbox 1026 1560 1151 1623; x_wconf 85' lang='lat' dir='ltr'>animae</span> <span class='ocrx_word' id='word_1_74' title='bbox 1173 1560 1254 1644; x_wconf 89' lang='lat' dir='ltr'>parti</span> <span class='ocrx_word' id='word_1_75' title='bbox 1278 1559 1451 1643; x_wconf 77' lang='lat' dir='ltr'>praecipue</span> <span class='ocrx_word' id='word_1_76' title='bbox 1481 1540 1482 1547; x_wconf 25' lang='lat'>¹</span> 
     </span>
     <span class='ocr_line' id='line_1_11' title="bbox 421 1663 1449 1746; baseline -0.004 -18"><span class='ocrx_word' id='word_1_77' title='bbox 421 1664 631 1744; x_wconf 88' lang='lat' dir='ltr'>substantiam</span> <span class='ocrx_word' id='word_1_78' title='bbox 675 1663 899 1727; x_wconf 82' lang='lat' dir='ltr'>ascribendam</span> <span class='ocrx_word' id='word_1_79' title='bbox 929 1684 1000 1727; x_wconf 88' lang='lat' dir='ltr'>esse</span> <span class='ocrx_word' id='word_1_80' title='bbox 1030 1663 1168 1726; x_wconf 82' lang='lat' dir='ltr'>affirmat</span> <span class='ocrx_word' id='word_1_81' title='bbox 1197 1663 1249 1740; x_wconf 94' lang='lat' dir='ltr'>(de</span> <span class='ocrx_word' id='word_1_82' title='bbox 1278 1663 1339 1746; x_wconf 86' lang='lat' dir='ltr'>leg.</span> <span class='ocrx_word' id='word_1_83' title='bbox 1368 1663 1449 1744; x_wconf 81' lang='grc' dir='ltr'>ΧΠ,</span> 
     </span>
     <span class='ocr_line' id='line_1_12' title="bbox 421 1765 1450 1852; baseline -0.002 -20"><span class='ocrx_word' id='word_1_84' title='bbox 421 1770 482 1832; x_wconf 82' lang='grc'>959</span> <span class='ocrx_word' id='word_1_85' title='bbox 500 1789 554 1852; x_wconf 87' lang='lat' dir='ltr'>seq</span> <span class='ocrx_word' id='word_1_86' title='bbox 579 1805 617 1812; x_wconf 92' lang='lat'>—</span> <span class='ocrx_word' id='word_1_87' title='bbox 640 1768 691 1830; x_wconf 91' lang='grc' dir='ltr'>ΙΙΙ</span> <span class='ocrx_word' id='word_1_88' title='bbox 708 1767 806 1832; x_wconf 85' lang='grc'><strong>6910</strong></span> <span class='ocrx_word' id='word_1_89' title='bbox 831 1802 870 1810; x_wconf 91' lang='grc'><strong>-</strong></span> <span class='ocrx_word' id='word_1_90' title='bbox 893 1788 988 1850; x_wconf 91' lang='lat' dir='ltr'>quem</span> <span class='ocrx_word' id='word_1_91' title='bbox 1004 1767 1044 1830; x_wconf 89' lang='lat' dir='ltr'>ad</span> <span class='ocrx_word' id='word_1_92' title='bbox 1060 1767 1163 1830; x_wconf 88' lang='lat' dir='ltr'>looum</span> <span class='ocrx_word' id='word_1_93' title='bbox 1179 1766 1291 1830; x_wconf 82' lang='lat' dir='ltr'>Oioero</span> <span class='ocrx_word' id='word_1_94' title='bbox 1306 1765 1450 1830; x_wconf 86' lang='lat' dir='ltr'>alludere</span> 
     </span>
     <span class='ocr_line' id='line_1_13' title="bbox 420 1869 1451 1954; baseline -0.004 -20"><span class='ocrx_word' id='word_1_95' title='bbox 420 1870 545 1934; x_wconf 82' lang='lat' dir='ltr'>videtur</span> <span class='ocrx_word' id='word_1_96' title='bbox 565 1870 599 1933; x_wconf 91' lang='lat' dir='ltr'>in</span> <span class='ocrx_word' id='word_1_97' title='bbox 622 1891 700 1934; x_wconf 90' lang='lat' dir='ltr'>som.</span> <span class='ocrx_word' id='word_1_98' title='bbox 725 1870 809 1954; x_wconf 80' lang='lat' dir='ltr'>Soip.</span> <span class='ocrx_word' id='word_1_99' title='bbox 831 1874 867 1934; x_wconf 88' lang='lat'>8:</span> <span class='ocrx_word' id='word_1_100' title='bbox 891 1870 980 1951; x_wconf 85' lang='lat' dir='ltr'>„Neo</span> <span class='ocrx_word' id='word_1_101' title='bbox 1002 1870 1087 1932; x_wconf 90' lang='lat' dir='ltr'>enim</span> <span class='ocrx_word' id='word_1_102' title='bbox 1110 1869 1137 1932; x_wconf 92' lang='lat' dir='ltr'>is</span> <span class='ocrx_word' id='word_1_103' title='bbox 1159 1891 1203 1952; x_wconf 81' lang='lat' dir='ltr'>es,</span> <span class='ocrx_word' id='word_1_104' title='bbox 1227 1890 1321 1952; x_wconf 90' lang='lat' dir='ltr'>quem</span> <span class='ocrx_word' id='word_1_105' title='bbox 1344 1870 1451 1931; x_wconf 82' lang='lat' dir='ltr'>tonna</span> 
     </span>
     <span class='ocr_line' id='line_1_14' title="bbox 421 1972 1451 2055; baseline -0.003 -20"><span class='ocrx_word' id='word_1_106' title='bbox 421 1973 483 2037; x_wconf 90' lang='lat' dir='ltr'>ista</span> <span class='ocrx_word' id='word_1_107' title='bbox 506 1972 663 2055; x_wconf 83' lang='lat' dir='ltr'>deelarat3</span> <span class='ocrx_word' id='word_1_108' title='bbox 688 1972 743 2036; x_wconf 90' lang='lat' dir='ltr'>sed</span> <span class='ocrx_word' id='word_1_109' title='bbox 767 1993 858 2036; x_wconf 91' lang='lat' dir='ltr'>mens</span> <span class='ocrx_word' id='word_1_110' title='bbox 881 1973 1033 2055; x_wconf 79' lang='lat' dir='ltr'>cuiusque</span> <span class='ocrx_word' id='word_1_111' title='bbox 1055 1973 1081 2034; x_wconf 90' lang='lat' dir='ltr'>is</span> <span class='ocrx_word' id='word_1_112' title='bbox 1105 1979 1154 2036; x_wconf 90' lang='lat' dir='ltr'>est</span> <span class='ocrx_word' id='word_1_113' title='bbox 1169 1972 1312 2055; x_wconf 86' lang='lat' dir='ltr'>quisque,</span> <span class='ocrx_word' id='word_1_114' title='bbox 1327 1991 1391 2034; x_wconf 90' lang='lat' dir='ltr'>non</span> <span class='ocrx_word' id='word_1_115' title='bbox 1406 1992 1451 2033; x_wconf 87' lang='lat' dir='ltr'>ea</span> 
     </span>
     <span class='ocr_line' id='line_1_15' title="bbox 424 2072 1451 2240; baseline 0.001 -103"><span class='ocrx_word' id='word_1_116' title='bbox 424 2076 536 2160; x_wconf 86' lang='lat' dir='ltr'>figura,</span> <span class='ocrx_word' id='word_1_117' title='bbox 565 2097 654 2192; x_wconf 32' lang='lat' dir='ltr'>&#39;quae</span> <span class='ocrx_word' id='word_1_118' title='bbox 685 2077 784 2160; x_wconf 86' lang='lat' dir='ltr'>digito</span> <span class='ocrx_word' id='word_1_119' title='bbox 752 2076 1023 2140; x_wconf 83' lang='lat' dir='ltr'>dtemonstiari</span> <span class='ocrx_word' id='word_1_120' title='bbox 1054 2072 1167 2159; x_wconf 87' lang='lat' dir='ltr'>potest‘</span> <span class='ocrx_word' id='word_1_121' title='bbox 1170 2072 1202 2151; x_wconf 83' lang='lat'>‘.)</span> <span class='ocrx_word' id='word_1_122' title='bbox 1247 2075 1352 2240; x_wconf 82' lang='lat' dir='ltr'>Immq</span> <span class='ocrx_word' id='word_1_123' title='bbox 1382 2075 1451 2138; x_wconf 87' lang='lat' dir='ltr'>Ne-</span> 
     </span>
    </p>
   </div>
   <div class='ocr_carea' id='block_1_3' title="bbox 327 2184 1482 4432">
    <p class='ocr_par' dir='ltr' id='par_1_3' title="bbox 327 2184 1482 4432">
     <span class='ocr_line' id='line_1_16' title="bbox 420 2184 1452 2365; baseline -0.002 -21"><span class='ocrx_word' id='word_1_124' title='bbox 420 2277 490 2344; x_wconf 80' lang='grc' dir='ltr'><em>ἑστὶ</em></span> <span class='ocrx_word' id='word_1_125' title='bbox 509 2301 562 2342; x_wconf 81' lang='grc' dir='ltr'>και</span> <span class='ocrx_word' id='word_1_126' title='bbox 553 2230 750 2362; x_wconf 79' lang='grc' dir='ltr'><em>Πλωτῑνος,</em></span> <span class='ocrx_word' id='word_1_127' title='bbox 774 2184 935 2365; x_wconf 60' lang='grc' dir='ltr'>άλληνῒ</span> <span class='ocrx_word' id='word_1_128' title='bbox 895 2272 976 2343; x_wconf 79' lang='grc' dir='ltr'>εἶναι</span> <span class='ocrx_word' id='word_1_129' title='bbox 997 2279 1054 2364; x_wconf 71' lang='grc' dir='ltr'>τὴν</span> <span class='ocrx_word' id='word_1_130' title='bbox 1076 2274 1183 2362; x_wconf 75' lang='grc' dir='ltr'><em>ψυχὴν</em></span> <span class='ocrx_word' id='word_1_131' title='bbox 1204 2281 1256 2342; x_wconf 81' lang='grc' dir='ltr'>καὶ</span> <span class='ocrx_word' id='word_1_132' title='bbox 1277 2184 1422 2341; x_wconf 74' lang='grc' dir='ltr'><em>άλλάν</em></span> <span class='ocrx_word' id='word_1_133' title='bbox 1388 2303 1452 2342; x_wconf 88' lang='grc' dir='ltr'>τον</span> 
     </span>
     <span class='ocr_line' id='line_1_17' title="bbox 422 2379 1454 2466; baseline -0.001 -20"><span class='ocrx_word' id='word_1_134' title='bbox 422 2385 500 2446; x_wconf 74' lang='grc' dir='ltr'><em>νοῦν</em></span> <span class='ocrx_word' id='word_1_135' title='bbox 523 2383 766 2463; x_wconf 81' lang='grc' dir='ltr'><em>δογματίζοντες</em></span> <span class='ocrx_word' id='word_1_136' title='bbox 791 2379 826 2446; x_wconf 80' lang='grc' dir='ltr'>ἐκ</span> <span class='ocrx_word' id='word_1_137' title='bbox 849 2387 946 2462; x_wconf 80' lang='grc' dir='ltr'>τριῶν</span> <span class='ocrx_word' id='word_1_138' title='bbox 971 2379 1026 2446; x_wconf 81' lang='grc' dir='ltr'>τὸν</span> <span class='ocrx_word' id='word_1_139' title='bbox 1047 2379 1227 2466; x_wconf 74' lang='grc' dir='ltr'><em>άνθρωπον</em></span> <span class='ocrx_word' id='word_1_140' title='bbox 1257 2383 1454 2445; x_wconf 79' lang='grc' dir='ltr'><em>συνεστάναι</em></span> 
     </span>
     <span class='ocr_line' id='line_1_18' title="bbox 416 2480 1452 2568; baseline -0.001 -19"><span class='ocrx_word' id='word_1_141' title='bbox 416 2483 594 2568; x_wconf 79' lang='grc' dir='ltr'>βούλονται.</span> <span class='ocrx_word' id='word_1_142' title='bbox 641 2482 780 2548; x_wconf 78' lang='grc' dir='ltr'><em>Πλάτων</em></span> <span class='ocrx_word' id='word_1_143' title='bbox 801 2485 837 2548; x_wconf 77' lang='grc' dir='ltr'>δέ</span> <span class='ocrx_word' id='word_1_144' title='bbox 859 2480 895 2547; x_wconf 79' lang='lat' dir='ltr'>od</span> <span class='ocrx_word' id='word_1_145' title='bbox 925 2487 1016 2548; x_wconf 84' lang='grc' dir='ltr'><em>δοκεῖ</em></span> <span class='ocrx_word' id='word_1_146' title='bbox 1045 2487 1147 2564; x_wconf 84' lang='grc' dir='ltr'><em>λέγειν</em></span> <span class='ocrx_word' id='word_1_147' title='bbox 1177 2483 1238 2548; x_wconf 85' lang='grc' dir='ltr'>τὸν</span> <span class='ocrx_word' id='word_1_148' title='bbox 1269 2480 1452 2564; x_wconf 71' lang='grc' dir='ltr'><em>ἄνθρωπον</em></span> 
     </span>
     <span class='ocr_line' id='line_1_19' title="bbox 417 2581 1452 2672; baseline -0.002 -19"><span class='ocrx_word' id='word_1_149' title='bbox 417 2581 500 2653; x_wconf 79' lang='grc' dir='ltr'>εἶναι</span> <span class='ocrx_word' id='word_1_150' title='bbox 526 2587 569 2650; x_wconf 86' lang='grc' dir='ltr'>τὸ</span> <span class='ocrx_word' id='word_1_151' title='bbox 601 2585 935 2671; x_wconf 77' lang='grc' dir='ltr'><em>συναμφότερον,</em></span> <span class='ocrx_word' id='word_1_152' title='bbox 983 2584 1094 2672; x_wconf 71' lang='grc' dir='ltr'><em>ψυχάν</em></span> <span class='ocrx_word' id='word_1_153' title='bbox 1134 2590 1186 2652; x_wconf 81' lang='grc' dir='ltr'>καὶ</span> <span class='ocrx_word' id='word_1_154' title='bbox 1220 2588 1319 2669; x_wconf 81' lang='grc' dir='ltr'><em>σῶμα,</em></span> <span class='ocrx_word' id='word_1_155' title='bbox 1350 2581 1452 2651; x_wconf 81' lang='grc' dir='ltr'><em>ἀλλὰ</em></span> 
     </span>
     <span class='ocr_line' id='line_1_20' title="bbox 417 2685 1451 2777; baseline 0.002 -22"><span class='ocrx_word' id='word_1_156' title='bbox 417 2685 555 2777; x_wconf 79' lang='grc' dir='ltr'><em>ψυχὴν</em></span> <span class='ocrx_word' id='word_1_157' title='bbox 595 2689 717 2770; x_wconf 82' lang='grc' dir='ltr'>σώματι</span> <span class='ocrx_word' id='word_1_158' title='bbox 761 2693 879 2776; x_wconf 73' lang='grc' dir='ltr'>τοιῷδε</span> <span class='ocrx_word' id='word_1_159' title='bbox 922 2701 1143 2776; x_wconf 81' lang='grc' dir='ltr'><em>χρωμένην</em></span> <span class='ocrx_word' id='word_1_160' title='bbox 1177 2745 1183 2758; x_wconf 92' lang='grc'><strong>.</strong></span> <span class='ocrx_word' id='word_1_161' title='bbox 1219 2745 1226 2760; x_wconf 91' lang='grc'><strong>.</strong></span> <span class='ocrx_word' id='word_1_162' title='bbox 1263 2695 1289 2757; x_wconf 88' lang='lat'>.‘</span> <span class='ocrx_word' id='word_1_163' title='bbox 1355 2694 1451 2767; x_wconf 82' lang='lat' dir='ltr'>Quae</span> 
     </span>
     <span class='ocr_line' id='line_1_21' title="bbox 327 2797 1451 2882; baseline 0 -21"><span class='ocrx_word' id='word_1_164' title='bbox 327 2840 329 2843; x_wconf 93' lang='lat'><em>-</em></span> <span class='ocrx_word' id='word_1_165' title='bbox 419 2798 563 2861; x_wconf 89' lang='lat' dir='ltr'>Nemesii</span> <span class='ocrx_word' id='word_1_166' title='bbox 586 2799 743 2861; x_wconf 87' lang='lat' dir='ltr'>sententia</span> <span class='ocrx_word' id='word_1_167' title='bbox 767 2797 849 2861; x_wconf 91' lang='lat' dir='ltr'>redit</span> <span class='ocrx_word' id='word_1_168' title='bbox 872 2797 912 2861; x_wconf 90' lang='lat' dir='ltr'>ad</span> <span class='ocrx_word' id='word_1_169' title='bbox 936 2798 1076 2882; x_wconf 83' lang='lat' dir='ltr'>dialogos</span> <span class='ocrx_word' id='word_1_170' title='bbox 1095 2797 1263 2882; x_wconf 84' lang='lat' dir='ltr'>quosdam,</span> <span class='ocrx_word' id='word_1_171' title='bbox 1290 2798 1343 2881; x_wconf 92' lang='lat' dir='ltr'>qui</span> <span class='ocrx_word' id='word_1_172' title='bbox 1365 2798 1451 2861; x_wconf 87' lang='lat' dir='ltr'>falso</span> 
     </span>
     <span class='ocr_line' id='line_1_22' title="bbox 420 2895 1450 2982; baseline -0.006 -16"><span class='ocrx_word' id='word_1_173' title='bbox 420 2901 563 2966; x_wconf 90' lang='lat' dir='ltr'>Platonis</span> <span class='ocrx_word' id='word_1_174' title='bbox 594 2922 664 2965; x_wconf 89' lang='lat' dir='ltr'>esse</span> <span class='ocrx_word' id='word_1_175' title='bbox 695 2902 840 2964; x_wconf 83' lang='lat' dir='ltr'>feruntur</span> <span class='ocrx_word' id='word_1_176' title='bbox 870 2925 926 2966; x_wconf 89' lang='lat'>—:</span> <span class='ocrx_word' id='word_1_177' title='bbox 957 2902 1092 2966; x_wconf 82' lang='lat' dir='ltr'>Axiooh.</span> <span class='ocrx_word' id='word_1_178' title='bbox 1116 2901 1232 2975; x_wconf 72' lang='lat' dir='ltr'>stou:</span> <span class='ocrx_word' id='word_1_179' title='bbox 1263 2895 1361 2982; x_wconf 63' lang='grc' dir='ltr'>,ιζμεῖς</span> <span class='ocrx_word' id='word_1_180' title='bbox 1388 2900 1450 2978; x_wconf 78' lang='grc' dir='ltr'>μὲν</span> 
     </span>
     <span class='ocr_line' id='line_1_23' title="bbox 420 2998 1453 3088; baseline 0 -23"><span class='ocrx_word' id='word_1_181' title='bbox 420 2999 480 3082; x_wconf 84' lang='grc' dir='ltr'>γάρ</span> <span class='ocrx_word' id='word_1_182' title='bbox 504 2999 601 3082; x_wconf 77' lang='grc' dir='ltr'><em>ἐσμεν</em></span> <span class='ocrx_word' id='word_1_183' title='bbox 625 2999 713 3086; x_wconf 75' lang='grc' dir='ltr'><strong><em>ψυχὴ</em></strong></span> <span class='ocrx_word' id='word_1_184' title='bbox 739 3003 822 3076; x_wconf 81' lang='grc' dir='ltr'><em>ζῶον</em></span> <span class='ocrx_word' id='word_1_185' title='bbox 845 2998 1049 3066; x_wconf 72' lang='grc' dir='ltr'><em>άθάνατον’</em></span> <span class='ocrx_word' id='word_1_186' title='bbox 1033 3025 1066 3066; x_wconf 92' lang='grc' dir='ltr'>εν</span> <span class='ocrx_word' id='word_1_187' title='bbox 1088 3002 1198 3088; x_wconf 69' lang='grc' dir='ltr'><em>θνητῷ</em></span> <span class='ocrx_word' id='word_1_188' title='bbox 1219 3006 1453 3128; x_wconf 72' lang='grc' dir='ltr'>καθειργμένον</span> 
     </span>
     <span class='ocr_line' id='line_1_24' title="bbox 418 3101 1482 3229; baseline 0.004 -62"><span class='ocrx_word' id='word_1_189' title='bbox 418 3110 573 3190; x_wconf 69' lang='grc' dir='ltr'>φρουρίῳι</span> <span class='ocrx_word' id='word_1_190' title='bbox 598 3114 630 3172; x_wconf 84' lang='grc' dir='ltr'>ει</span> <span class='ocrx_word' id='word_1_191' title='bbox 617 3108 755 3173; x_wconf 89' lang='lat' dir='ltr'>tAloib.</span> <span class='ocrx_word' id='word_1_192' title='bbox 783 3109 883 3173; x_wconf 74' lang='lat' dir='ltr'>lass</span> <span class='ocrx_word' id='word_1_193' title='bbox 907 3131 972 3229; x_wconf 83' lang='lat' dir='ltr'>seq.</span> <span class='ocrx_word' id='word_1_194' title='bbox 1018 3109 1067 3174; x_wconf 77' lang='lat' dir='ltr'>Of.</span> <span class='ocrx_word' id='word_1_195' title='bbox 1094 3110 1213 3174; x_wconf 86' lang='lat' dir='ltr'><strong>130A:</strong></span> <span class='ocrx_word' id='word_1_196' title='bbox 1237 3101 1269 3192; x_wconf 79' lang='grc' dir='ltr'>,ἢ</span> <span class='ocrx_word' id='word_1_197' title='bbox 1291 3133 1347 3172; x_wconf 86' lang='grc' dir='ltr'>οιιΙ</span> <span class='ocrx_word' id='word_1_198' title='bbox 1369 3103 1482 3211; x_wconf 75' lang='grc' dir='ltr'><strong>ἄλλο,</strong></span> 
     </span>
     <span class='ocr_line' id='line_1_25' title="bbox 417 3170 1482 3305; baseline 0.007 -33"><span class='ocrx_word' id='word_1_199' title='bbox 417 3232 454 3272; x_wconf 82' lang='grc' dir='ltr'>τι</span> <span class='ocrx_word' id='word_1_200' title='bbox 475 3208 623 3293; x_wconf 79' lang='grc' dir='ltr'>χρῆται</span> <span class='ocrx_word' id='word_1_201' title='bbox 645 3206 749 3294; x_wconf 76' lang='grc' dir='ltr'><em>αὐτῷ</em></span> <span class='ocrx_word' id='word_1_202' title='bbox 774 3203 957 3291; x_wconf 66' lang='grc' dir='ltr'>(σώματι)”</span> <span class='ocrx_word' id='word_1_203' title='bbox 937 3236 956 3294; x_wconf 83' lang='lat' dir='ltr'><strong>q</strong></span> <span class='ocrx_word' id='word_1_204' title='bbox 972 3208 1076 3296; x_wconf 66' lang='grc' dir='ltr'><strong>ψυχὴ,</strong></span> <span class='ocrx_word' id='word_1_205' title='bbox 1097 3205 1152 3273; x_wconf 74' lang='grc' dir='ltr'>οὐκ</span> <span class='ocrx_word' id='word_1_206' title='bbox 1169 3206 1309 3279; x_wconf 80' lang='grc' dir='ltr'><em>άλλσ..</em></span> <span class='ocrx_word' id='word_1_207' title='bbox 1334 3214 1451 3280; x_wconf 76' lang='lat'><strong>1300:</strong></span> <span class='ocrx_word' id='word_1_208' title='bbox 1481 3170 1482 3305; x_wconf 88' lang='lat' dir='ltr'>l</span> 
     </span>
     <span class='ocr_line' id='line_1_26' title="bbox 419 3309 1453 3398; baseline 0 -22"><span class='ocrx_word' id='word_1_209' title='bbox 419 3309 661 3397; x_wconf 72' lang='grc' dir='ltr'>ἐπειδη...</span> <span class='ocrx_word' id='word_1_210' title='bbox 703 3310 776 3376; x_wconf 89' lang='grc' dir='ltr'><em>οάτε</em></span> <span class='ocrx_word' id='word_1_211' title='bbox 807 3314 899 3394; x_wconf 81' lang='grc' dir='ltr'><em>σῶμα</em></span> <span class='ocrx_word' id='word_1_212' title='bbox 929 3311 1002 3376; x_wconf 79' lang='grc' dir='ltr'><em>οὔτε</em></span> <span class='ocrx_word' id='word_1_213' title='bbox 1042 3310 1080 3376; x_wconf 85' lang='grc' dir='ltr'>τὸ</span> <span class='ocrx_word' id='word_1_214' title='bbox 1121 3313 1453 3398; x_wconf 81' lang='grc' dir='ltr'><em>συναμφότερόν</em></span> 
     </span>
     <span class='ocr_line' id='line_1_27' title="bbox 418 3410 1454 3504; baseline 0.001 -26"><span class='ocrx_word' id='word_1_215' title='bbox 418 3435 505 3479; x_wconf 86' lang='grc' dir='ltr'><em>εστιν</em></span> <span class='ocrx_word' id='word_1_216' title='bbox 530 3411 753 3498; x_wconf 75' lang='grc' dir='ltr'><em>ἄνθρωπος,</em></span> <span class='ocrx_word' id='word_1_217' title='bbox 740 3421 895 3498; x_wconf 74' lang='lat' dir='ltr'>talasano,</span> <span class='ocrx_word' id='word_1_218' title='bbox 929 3409 1027 3496; x_wconf 47' lang='grc' dir='ltr'>οἶμαι</span> <span class='ocrx_word' id='word_1_219' title='bbox 1058 3410 1202 3501; x_wconf 58' lang='lat' dir='ltr'>risendis</span> <span class='ocrx_word' id='word_1_220' title='bbox 1224 3415 1290 3480; x_wconf 74' lang='grc' dir='ltr'>αι”τ</span> <span class='ocrx_word' id='word_1_221' title='bbox 1315 3411 1403 3496; x_wconf 77' lang='grc' dir='ltr'>εἶναι,</span> <span class='ocrx_word' id='word_1_222' title='bbox 1431 3415 1454 3504; x_wconf 74' lang='grc' dir='ltr'>ἢ</span> 
     </span>
     <span class='ocr_line' id='line_1_28' title="bbox 418 3516 1455 3608; baseline 0.003 -27"><span class='ocrx_word' id='word_1_223' title='bbox 418 3516 513 3600; x_wconf 86' lang='grc' dir='ltr'><em>εἴπερ</em></span> <span class='ocrx_word' id='word_1_224' title='bbox 536 3517 573 3582; x_wconf 83' lang='grc' dir='ltr'>τί</span> <span class='ocrx_word' id='word_1_225' title='bbox 590 3517 659 3581; x_wconf 84' lang='grc' dir='ltr'>ἐστι</span> <span class='ocrx_word' id='word_1_226' title='bbox 679 3518 780 3603; x_wconf 81' lang='grc' dir='ltr'><em>μηδὲν</em></span> <span class='ocrx_word' id='word_1_227' title='bbox 802 3516 879 3582; x_wconf 79' lang='grc' dir='ltr'><em>ἄλλο</em></span> <span class='ocrx_word' id='word_1_228' title='bbox 909 3517 968 3583; x_wconf 79' lang='grc' dir='ltr'>τὸν</span> <span class='ocrx_word' id='word_1_229' title='bbox 1003 3516 1181 3601; x_wconf 79' lang='grc' dir='ltr'><em>ἄνθρωπον</em></span> <span class='ocrx_word' id='word_1_230' title='bbox 1210 3516 1448 3602; x_wconf 82' lang='grc' dir='ltr'><em>συμβαίνειν</em></span> <span class='ocrx_word' id='word_1_231' title='bbox 1430 3516 1455 3608; x_wconf 72' lang='grc' dir='ltr'>η’</span> 
     </span>
     <span class='ocr_line' id='line_1_29' title="bbox 418 3618 1453 3712; baseline 0.007 -28"><span class='ocrx_word' id='word_1_232' title='bbox 418 3618 549 3705; x_wconf 56' lang='grc' dir='ltr'>ψνχτμι.</span> <span class='ocrx_word' id='word_1_233' title='bbox 605 3622 658 3687; x_wconf 95' lang='lat' dir='ltr'>Ad</span> <span class='ocrx_word' id='word_1_234' title='bbox 689 3624 768 3687; x_wconf 86' lang='lat' dir='ltr'>haee</span> <span class='ocrx_word' id='word_1_235' title='bbox 798 3625 895 3688; x_wconf 83' lang='lat' dir='ltr'>verba</span> <span class='ocrx_word' id='word_1_236' title='bbox 920 3624 1003 3689; x_wconf 92' lang='lat' dir='ltr'>Plot</span> <span class='ocrx_word' id='word_1_237' title='bbox 982 3631 1065 3689; x_wconf 76' lang='lat' dir='ltr'>tinus</span> <span class='ocrx_word' id='word_1_238' title='bbox 1096 3647 1220 3709; x_wconf 91' lang='lat' dir='ltr'>quoque</span> <span class='ocrx_word' id='word_1_239' title='bbox 1250 3626 1377 3690; x_wconf 89' lang='lat' dir='ltr'>alludit</span> <span class='ocrx_word' id='word_1_240' title='bbox 1421 3628 1453 3712; x_wconf 98' lang='grc' dir='ltr'>Ι,</span> 
     </span>
     <span class='ocr_line' id='line_1_30' title="bbox 419 3712 1452 3812; baseline -0.002 -22"><span class='ocrx_word' id='word_1_241' title='bbox 419 3730 485 3808; x_wconf 84' lang='lat'><strong>1‚3:</strong></span> <span class='ocrx_word' id='word_1_242' title='bbox 516 3729 666 3810; x_wconf 81' lang='grc' dir='ltr'><em>χρωμένη</em></span> <span class='ocrx_word' id='word_1_243' title='bbox 693 3723 811 3810; x_wconf 59' lang='grc' dir='ltr'>(ψυχά)</span> <span class='ocrx_word' id='word_1_244' title='bbox 840 3724 899 3805; x_wconf 78' lang='grc' dir='ltr'>μὲν</span> <span class='ocrx_word' id='word_1_245' title='bbox 932 3712 988 3788; x_wconf 75' lang='grc' dir='ltr'>σάν</span> <span class='ocrx_word' id='word_1_246' title='bbox 1021 3726 1145 3806; x_wconf 87' lang='grc' dir='ltr'>σώματι</span> <span class='ocrx_word' id='word_1_247' title='bbox 1178 3729 1229 3789; x_wconf 80' lang='grc' dir='ltr'>οἱα</span> <span class='ocrx_word' id='word_1_248' title='bbox 1252 3720 1452 3812; x_wconf 80' lang='grc' dir='ltr'><em>ὀργάνῳ</em></span> 
     </span>
     <span class='ocr_line' id='line_1_31' title="bbox 416 3827 1452 3915; baseline 0.004 -23"><span class='ocrx_word' id='word_1_249' title='bbox 416 3827 486 3893; x_wconf 90' lang='lat' dir='ltr'>sim.</span> <span class='ocrx_word' id='word_1_250' title='bbox 503 3828 560 3912; x_wconf 81' lang='lat' dir='ltr'>vl,</span> <span class='ocrx_word' id='word_1_251' title='bbox 588 3830 823 3911; x_wconf 78' lang='lat' dir='ltr'>75P1a0nem</span> <span class='ocrx_word' id='word_1_252' title='bbox 845 3831 1087 3895; x_wconf 81' lang='lat' dir='ltr'>nominans—</span> <span class='ocrx_word' id='word_1_253' title='bbox 1049 3832 1138 3914; x_wconf 87' lang='lat'>—,1</span> <span class='ocrx_word' id='word_1_254' title='bbox 1157 3834 1184 3914; x_wconf 87' lang='lat'>1,</span> <span class='ocrx_word' id='word_1_255' title='bbox 1200 3836 1301 3896; x_wconf 88' lang='lat'>10—</span> <span class='ocrx_word' id='word_1_256' title='bbox 1328 3833 1355 3915; x_wconf 89' lang='grc' dir='ltr'>Ι,</span> <span class='ocrx_word' id='word_1_257' title='bbox 1374 3835 1452 3915; x_wconf 87' lang='grc'><strong>1,13</strong></span> 
     </span>
     <span class='ocr_line' id='line_1_32' title="bbox 416 3923 691 4015; baseline 0.028 -7.028"><span class='ocrx_word' id='word_1_258' title='bbox 416 3923 521 4012; x_wconf 56' lang='lat' dir='ltr'>sitifi?</span> <span class='ocrx_word' id='word_1_259' title='bbox 544 3924 691 4015; x_wconf 67' lang='grc' dir='ltr'><strong>00001οῗ</strong></span> 
     </span>
     <span class='ocr_line' id='line_1_33' title="bbox 504 4032 1454 4122; baseline 0.009 -28"><span class='ocrx_word' id='word_1_260' title='bbox 504 4032 625 4105; x_wconf 82' lang='lat' dir='ltr'>Quodsi</span> <span class='ocrx_word' id='word_1_261' title='bbox 658 4035 828 4099; x_wconf 77' lang='lat' dir='ltr'>Nemeeius</span> <span class='ocrx_word' id='word_1_262' title='bbox 865 4037 897 4113; x_wconf 83' lang='lat' dir='ltr'>(l.</span> <span class='ocrx_word' id='word_1_263' title='bbox 927 4039 967 4113; x_wconf 84' lang='lat' dir='ltr'>o.)</span> <span class='ocrx_word' id='word_1_264' title='bbox 1002 4037 1085 4101; x_wconf 90' lang='lat' dir='ltr'>Plot</span> <span class='ocrx_word' id='word_1_265' title='bbox 1043 4042 1165 4100; x_wconf 89' lang='lat' dir='ltr'>otmum</span> <span class='ocrx_word' id='word_1_266' title='bbox 1203 4043 1332 4122; x_wconf 87' lang='lat' dir='ltr'>putasse</span> <span class='ocrx_word' id='word_1_267' title='bbox 1370 4039 1454 4104; x_wconf 88' lang='lat' dir='ltr'>dieit</span> 
     </span>
     <span class='ocr_line' id='line_1_34' title="bbox 416 4136 1451 4224; baseline 0.01 -26"><span class='ocrx_word' id='word_1_268' title='bbox 416 4136 579 4199; x_wconf 89' lang='lat' dir='ltr'>hominem</span> <span class='ocrx_word' id='word_1_269' title='bbox 610 4144 696 4202; x_wconf 86' lang='lat' dir='ltr'>ext</span> <span class='ocrx_word' id='word_1_270' title='bbox 684 4139 783 4202; x_wconf 92' lang='lat' dir='ltr'>tribus</span> <span class='ocrx_word' id='word_1_271' title='bbox 814 4146 969 4224; x_wconf 78' lang='lat' dir='ltr'>constare,</span> <span class='ocrx_word' id='word_1_272' title='bbox 1000 4140 1081 4204; x_wconf 87' lang='lat' dir='ltr'>hano</span> <span class='ocrx_word' id='word_1_273' title='bbox 1105 4162 1160 4204; x_wconf 85' lang='lat' dir='ltr'>sen</span> <span class='ocrx_word' id='word_1_274' title='bbox 1164 4142 1295 4204; x_wconf 85' lang='lat' dir='ltr'>tentiam</span> <span class='ocrx_word' id='word_1_275' title='bbox 1318 4141 1451 4209; x_wconf 89' lang='lat' dir='ltr'>Platoni</span> 
     </span>
     <span class='ocr_line' id='line_1_35' title="bbox 415 4192 1453 4328; baseline 0.007 -27"><span class='ocrx_word' id='word_1_276' title='bbox 415 4259 539 4324; x_wconf 91' lang='lat' dir='ltr'>quoque</span> <span class='ocrx_word' id='word_1_277' title='bbox 567 4241 771 4326; x_wconf 88' lang='lat' dir='ltr'>maximeque</span> <span class='ocrx_word' id='word_1_278' title='bbox 802 4192 969 4307; x_wconf 90' lang='lat' dir='ltr'>Aristoteli</span> <span class='ocrx_word' id='word_1_279' title='bbox 997 4244 1112 4307; x_wconf 82' lang='lat' dir='ltr'>ascribi</span> <span class='ocrx_word' id='word_1_280' title='bbox 1142 4265 1235 4328; x_wconf 89' lang='lat' dir='ltr'>posse</span> <span class='ocrx_word' id='word_1_281' title='bbox 1265 4245 1330 4307; x_wconf 84' lang='lat' dir='ltr'>iain</span> <span class='ocrx_word' id='word_1_282' title='bbox 1360 4266 1453 4308; x_wconf 88' lang='lat' dir='ltr'>eom·</span> 
     </span>
     <span class='ocr_line' id='line_1_36' title="bbox 424 4343 1454 4432; baseline 0.005 -26"><span class='ocrx_word' id='word_1_283' title='bbox 424 4344 679 4410; x_wconf 86' lang='lat' dir='ltr'>memoravimus.</span> <span class='ocrx_word' id='word_1_284' title='bbox 725 4343 919 4430; x_wconf 90' lang='lat' dir='ltr'>Apollinaris</span> <span class='ocrx_word' id='word_1_285' title='bbox 943 4346 1041 4432; x_wconf 80' lang='lat' dir='ltr'>Syrus</span> <span class='ocrx_word' id='word_1_286' title='bbox 1069 4346 1124 4409; x_wconf 92' lang='lat' dir='ltr'>illa</span> <span class='ocrx_word' id='word_1_287' title='bbox 1153 4346 1310 4410; x_wconf 88' lang='lat' dir='ltr'>sententia</span> <span class='ocrx_word' id='word_1_288' title='bbox 1338 4348 1454 4432; x_wconf 83' lang='lat' dir='ltr'>expla-</span> 
     </span>
    </p>
   </div>
   <div class='ocr_carea' id='block_1_4' title="bbox 0 0 1527 5076">
    <p class='ocr_par' dir='ltr' id='par_1_4' title="bbox 0 0 1527 5076">
     <span class='ocr_line' id='line_1_37' title="bbox 0 0 1527 5076; baseline 0 0"><span class='ocrx_word' id='word_1_289' title='bbox 0 0 1527 5076; x_wconf 95' lang='lat' dir='ltr'> </span> 
     </span>
    </p>
   </div>
  </div>
 </body>
</html>
