3042 5084
754 510 964 572 ..32-

349 701 453 764 neque
488 679 564 742 illud
598 679 717 762 lumen,
757 679 843 763 quod
882 685 1052 763 cognatum
1088 677 1195 762 habet,
1232 679 1386 763 aspicere

349 787 465 868 potest,
489 783 551 846 nisi
573 781 737 867 virginitas
760 803 832 846 eam
854 782 903 845 his
921 782 1122 845 inferioribus
1136 782 1386 867 liberatvolup—

351 885 487 950 tatibus:
512 883 614 962 ,πᾶσα
629 879 699 965 γάρ’
714 885 826 970 inquit,
848 880 914 946 ἐστὶ
931 879 1058 965 σπονδὴ
1073 884 1129 946 ταῦ
1144 883 1290 947 τοιαάτον
1303 887 1388 965 βίον

352 990 408 1064 (sc.
433 993 541 1052 castae
563 985 766 1072 virginitatis)
798 977 888 1056 ὅπως
914 982 960 1070 μὴ
982 978 1020 1048 τά
1043 979 1173 1069 άψηλάν
1194 984 1249 1070 τῆς
1270 987 1386 1070 ψυχῆς

350 1085 404 1152 διά
427 1088 482 1173 τῆς
503 1085 747 1160 ἐπαναστάσεως
769 1091 832 1151 τῶν
853 1084 979 1172 ἡδονῶν
998 1087 1199 1174 ταπειναθῇ,
1225 1089 1276 1151 καὶ
1304 1083 1385 1153 ἀντὶ
1480 1147 1484 1157 ,

349 1191 406 1254 τοῦ
428 1197 686 1272 μετεωραπνρεῖν
707 1191 757 1254 καὶ
780 1189 825 1261 εἰς
844 1186 884 1254 τά
906 1186 971 1254 siro
992 1190 1125 1272 βλέπειν
1152 1184 1210 1276 τὴν
1230 1186 1386 1254 διάνοιαν

353 1290 443 1378 ἡμῶν
472 1287 555 1376 πρὸς
580 1291 621 1358 τὰ
644 1289 761 1374 σαρκὸς
784 1295 834 1358 καὶ
857 1293 989 1373 αἵματος
1010 1297 1257 1371 κατενεχθεῖσαν
1278 1291 1385 1378 πάθη

352 1403 486 1462 πεσεῖν’.
531 1399 604 1462 Νοα
628 1400 730 1463 solum
752 1400 850 1464 verba
872 1400 927 1464 illa
956 1405 1223 1480 ,μετεωροπαρεῖν
1249 1399 1300 1460 καὶ
1331 1396 1386 1466 εἰς

349 1495 389 1564 τὰ
422 1494 488 1563 dvo
520 1501 660 1584 βλέπειν·
695 1503 839 1567 Platonis
872 1509 946 1566 sunt
980 1502 1129 1578 (Phaedr.
1163 1505 1226 1567 246
1245 1501 1284 1579 (l)
1318 1502 1385 1565 sed

351 1606 475 1689 eadem,
498 1627 580 1689 quae
596 1606 656 1670 illis
672 1607 777 1671 verbis
795 1607 968 1690 Gregorius
983 1606 1024 1670 de
1039 1606 1228 1690 virginitatis
1243 1627 1383 1670 munere

351 1709 436 1792 dicit,
452 1709 545 1772 Plato
562 1710 593 1772 in
609 1708 783 1773 Phaedone
800 1710 877 1774 82ss
893 1731 959 1793 seq.
975 1709 1193 1794 philosophiae
1214 1709 1382 1774 adscribit.

350 1811 442 1885 Quae
476 1811 589 1874 clarius
624 1812 720 1876 etiam
752 1812 961 1896 apparebunt,
991 1832 1064 1875 oum
1088 1811 1277 1894 Gregorium
1304 1831 1383 1895 per-

349 1921 476 1999 gentem
501 1915 686 1980 audiamus:
711 1914 793 1992 ,πῶς
814 1908 873 1994 γάρ
894 1911 942 1976 ἔτι
964 1909 1096 1976 δύναται
1118 1906 1201 1991 πρὸς
1215 1909 1253 1975 τά
1270 1929 1383 1991 corra-

227 2071 233 2083 ,
349 2022 400 2086 νὲς
423 2035 459 2080 τε
480 2016 532 2078 καὶ
554 2010 671 2102 νοητὸν
693 2017 762 2096 qais
785 2012 947 2099 ἐλευθέρῳ
969 2007 1163 2097 ἀναβλέπειν
1189 2013 1234 2099 τῷ
1256 2010 1383 2095 ὄμματι

349 2115 370 2202 ἡ
402 2119 727 2204 προσηλωθεῐσα
767 2119 873 2182 κάτω
905 2117 952 2204 τῇ
983 2111 1114 2204 ἡδονῇ
1140 2118 1202 2202 τῆς
1229 2115 1382 2198 σαρκάς

351 2277 358 2292 ,
384 2275 392 2290 .
417 2274 424 2290 .
449 2217 529 2285 ὅταν
550 2215 634 2304 πράς
656 2220 697 2286 τά
716 2216 823 2308 άλώάη
846 2223 906 2307 σχῇ
928 2220 986 2304 τὴν
1007 2216 1132 2307 ῥοπήν.
1179 2224 1379 2298 Quibuscum

350 2329 455 2394 verbis
489 2329 633 2392 Platonis
667 2328 882 2413 comparanda
921 2335 1004 2411 suut,
1041 2349 1123 2413 quae
1159 2328 1308 2412 leguntur
1342 2327 1379 2392 in

350 2433 471 2498 Phaed.
505 2455 535 2517 p.
570 2433 675 2498 83D:
710 2428 833 2516 ,ἑκάστη
866 2425 996 2514 ἡδονὴ
1137 2423 1247 2510 άρπερ
1279 2415 1381 2513 ἧλον

350 2531 469 2610 ἔχουσα
483 2533 691 2618 προσηλοῖ
702 2526 827 2613 αὐτὴν
843 2528 1005 2616 (ψυχὴν)
1020 2524 1125 2612 πρὸς
1139 2528 1184 2595 τά
1201 2530 1311 2612 σῶμα
1324 2531 1381 2594 καὶ

353 2638 565 2719 προσπερανᾷ
582 2636 635 2698 καὶ
653 2641 743 2698 ποιεῖ
754 2635 975 2719 σωματοειάῆῑ.
1012 2636 1075 2714 (Of.
1090 2636 1185 2722 Nysa.
1200 2630 1262 2719 III,
1275 2639 1314 2700 97
1322 2635 1377 2714 Β.)

439 2739 531 2802 Plato
554 2738 787 2824 philosophiam
816 2739 894 2802 dicit
921 2739 970 2802 his
998 2739 1213 2823 voluptatibus
1241 2738 1379 2803 hberare

350 2843 501 2926 animam,
524 2850 561 2907 ut
582 2842 708 2927 assequi
731 2843 832 2928 possit
861 2838 899 2904 τά
925 2838 1026 2910 ὅντως
1047 2833 1093 2920 ὅν,
1115 2842 1200 2927 ηαοά
1230 2835 1315 2925 μάνη
1337 2840 1379 2925 τῇ

349 2945 437 3036 ψυχῇ
472 2947 610 3011 comitur
643 2949 683 3010 83
696 2946 780 3026 Asa.
822 2946 1010 3030 Gregorius
1044 2966 1169 3030 quoque
1202 2944 1378 3028 virginitati

349 3050 408 3113 hoo
431 3049 614 3115 adscribens
645 3071 760 3112 munus
790 3049 867 3113 illud
897 3049 956 3113 soli
984 3049 1111 3112 animae
1138 3048 1245 3112 vivere
1276 3041 1379 3132 (μάνη

348 3151 389 3238 τη
418 3155 507 3238 ψυχῇ
535 3151 594 3236 ζῆν
622 3157 684 3218 348
702 3154 746 3230 A)
785 3159 818 3217 et
845 3153 980 3216 liberare
1011 3173 1045 3215 se
1074 3153 1179 3237 ipsum
1208 3151 1379 3235 voluptati·

349 3257 409 3320 bus
452 3263 485 3320 et
522 3257 667 3320 sensibus
712 3255 925 3320 commendat.
991 3255 1074 3317 Nam
1120 3255 1261 3318 animum
1305 3274 1379 3317 sen·

350 3360 438 3424 sibus
485 3381 580 3444 saepe
625 3358 767 3422 abstrahi
811 3359 951 3422 affirmat
996 3360 1071 3435 (352
1089 3356 1173 3433 alo)
1217 3379 1236 3419 a
1272 3377 1378 3440 cursu,

349 3464 403 3548 qui
439 3464 577 3547 pertinet
613 3461 654 3524 ad
691 3483 802 3526 verum
838 3462 958 3525 bonum
1000 3454 1049 3539 (τά
1085 3453 1183 3528 ὅντως
1219 3452 1378 3538 άχαθάν);

350 3560 391 3643 ,ἐι
413 3561 464 3649 δή(
487 3603 526 3610 -
551 3565 653 3629 352Β
679 3568 714 3628 11
740 3565 854 3649 pergit,
889 3558 1167 3639 ,πανταχόθεν
1199 3554 1380 3643 ἀνακλη-

349 3666 440 3736 θεὶς
461 3666 512 3728 καὶ
530 3665 606 3748 περὶ
629 3661 746 3728 ἑαυτὸν
768 3657 1020 3748 ἀθροισθεὶς
1041 3667 1292 3745 συνηγμένος
1312 3665 1378 3726 καὶ

350 3761 524 3846 άάιαχάτως
563 3764 649 3849 πρὸς
681 3763 741 3852 τὴν
775 3762 895 3832 αἰκείαν
927 3767 1031 3854 deusd
1061 3818 1068 3832 .
1100 3817 1106 3832 .
1139 3819 1146 3833 .
1177 3816 1195 3854 .
1218 3762 1379 3845 ἐνέργειαν

349 3877 482 3949 κινοῖτο,
513 3863 610 3934 otae
642 3863 681 3934 τά
709 3869 831 3935 nassas
852 3866 948 3935 αάτάν
969 3866 1059 3934 ἔσται
1090 3922 1097 3937 .
1122 3918 1129 3933 .
1154 3921 1161 3935 .
1191 3866 1258 3953 τῆς
1285 3861 1379 3950 άλη-

350 3971 577 4043 detorruit»
611 3967 738 4037 άντων
768 3969 1038 4055 ἐφάπτεσθαι
1071 3975 1123 4051 (ci.
1147 3975 1244 4038 etiam
1268 3970 1379 4038 368A

352 4081 443 4162 ειη).
479 4077 548 4143 Neo
571 4079 677 4142 miuus
693 4079 786 4143 Plato
809 4078 842 4141 iu
857 4077 1030 4142 Phaedone
1054 4076 1133 4142 670
1157 4075 1377 4140 commendat:

351 4178 553 4262 ,χωρίζειν
583 4174 649 4244 eivs
678 4178 858 4259 μάλιστα
886 4175 954 4242 άπά
987 4179 1059 4242 τοῦ
1093 4176 1278 4256 σώματος
1306 4170 1379 4260 τὴν

350 4277 478 4366 ψυχὴν
505 4282 557 4344 καὶ
586 4277 696 4346 ἐθίσαι
717 4273 817 4365 αάτην
843 4277 1110 4358 πανταχόθεν
1137 4275 1172 4341 εἰι
1193 4279 1250 4342 ταῦ
1271 4273 1376 4358 σώμα-
