3042 5084
136 695 215 776 περὶ
263 691 324 776 τὴν
371 691 627 780 ἐπιστημονιιιὴν
667 698 719 759 καὶ
768 692 972 782 θεωρητικὴν
1026 693 1170 773 διάνοιαν

137 801 307 864 efficacem
343 821 414 864 esse
443 801 593 882 animam,
624 801 681 864 sed
711 802 828 864 multos
859 801 956 864 etiarn
988 802 1171 887 cupiditatis

139 909 172 966 et
194 903 262 967 irae
285 910 391 967 motus
413 904 446 966 in
470 903 538 967 eius
561 910 675 968 natura
704 904 801 969 cerni.
845 904 892 967 At
919 905 1004 968 hanc
1025 905 1171 969 Platonis

141 1006 271 1070 animae
305 1005 493 1070 facultatum
524 1007 710 1070 divisionem
742 1029 806 1070 non
836 1008 1021 1093 simpliciter
1049 1008 1170 1093 recipit,

145 1108 203 1173 sed
227 1131 268 1173 ex
289 1109 349 1173 hac
373 1111 530 1174 sententia
551 1110 584 1174 id
607 1111 709 1174 solum
732 1111 975 1196 approbandum
998 1133 1068 1176 esse
1084 1112 1170 1194 dicit,

140 1212 366 1297 quodcumque
390 1235 462 1277 eum
486 1214 641 1298 scriptura
664 1216 848 1280 conveniat:
876 1215 952 1280 490
976 1214 1011 1280 8:
1045 1209 1171 1297 ,οὐκοῦν

140 1321 297 1396 παρέντες
319 1309 356 1378 τὸ
380 1311 591 1386 Πλατωνικὸν
613 1307 699 1398 ἅρμα
719 1317 774 1380 καὶ
793 1312 852 1403 τὴν
866 1311 1171 1401 ὕπεζευγμένην

140 1411 1170 1502 αὐτῷξυνωρίδατοῖνπωλωνούχὁμοίω-ςτοῖςὸρμαῖς

139 1519 245 1599 πρὸς
288 1515 715 1606 ἀλλήλουςιέχόντων
751 1523 804 1585 καὶ
839 1519 900 1585 τὸν
936 1517 1019 1602 ὑπὲρ
1050 1521 1171 1586 τούτων

138 1617 328 1711 ἡνίοχον,
351 1618 392 1688 δι’
417 1609 462 1688 οἷν
484 1619 636 1688 ἁπάντων
658 1622 697 1688 τὰ
726 1624 857 1688 τοιαῦτα
885 1630 962 1707 περὶ
990 1625 1095 1710 ψυχῆς
1119 1648 1171 1708 οι-

138 1727 278 1808 λοοοᾳεῐ
297 1721 340 1790 δι’
362 1725 563 1807 αἰνίγματος(

236 1831 358 1905 Quibus
382 1851 454 1895 cum
477 1831 580 1897 verbis
604 1832 819 1916 comparanda
846 1839 920 1896 sunt
948 1833 1002 1896 illa
1030 1831 1169 1896 Phaedri

63 1932 66 1936 ’
141 1933 306 2014 246Bs0:
336 1929 475 2010 ,ἐοικέτω
497 1925 613 2017 (ψυχὴ)
635 1929 675 2017 di,
698 1933 856 2018 orrppiaqr
871 1932 1008 2013 δυνάμει
1026 1929 1167 1998 ὑποπτέ-

138 2058 198 2118 ρου
220 2032 382 2116 ζεύγους
403 2057 440 2100 τε
461 2037 512 2098 καὶ
535 2029 713 2120 ἡνιόχου..
731 2089 738 2104 .
754 2038 806 2100 καὶ
825 2037 1029 2118 πρῶτονμὲν
1044 2031 1165 2122 ἡμῶνό

139 2135 248 2221 ἅρχων
279 2141 509 2220 συνωρίδος
533 2131 662 2224 intexet,
685 2131 755 2204 εἶτα
782 2140 860 2204 τῶν
888 2139 1042 2220 ἵππων,
1072 2136 1167 2220 ὁμὲν

140 2237 226 2327 αὐτῷ
264 2239 382 2313 καλός
418 2264 461 2306 τε
494 2243 560 2305 καὶ
595 2237 749 2322 ἀγαθὸς
776 2243 831 2306 καὶ
857 2238 892 2306 ἐκ
919 2240 1166 2308 τοιούτων...

140 2340 159 2406 ὁ
183 2343 267 2419 δ’ἐξ
288 2342 487 2408 ἐναντίων
508 2365 543 2408 τι
564 2345 616 2408 καὶ
639 2341 782 2416 ἐναντίος
805 2396 811 2412 .
836 2399 844 2413 .
868 2396 875 2411 .

226 2450 279 2514 Ex
312 2449 468 2534 scriptura
501 2450 598 2534 igitur
630 2471 720 2514 sacra
756 2447 959 2535 proficiscens
995 2450 1167 2534 Gregorius

137 2556 220 2618 iram
243 2560 277 2618 et
299 2553 506 2638 cupiditatem
529 2560 619 2618 extra
646 2555 772 2618 animae
800 2560 927 2618 nostrae
957 2574 1026 2618 esse
1056 2553 1167 2617 defini-

139 2658 260 2721 tionem
284 2656 444 2721 concludit
467 2693 505 2702 --
530 2678 605 2720 nam
628 2678 700 2721 cum
723 2657 830 2740 imago
853 2657 895 2721 sit
916 2657 978 2739 dei,
1000 2678 1104 2741 neque
1120 2655 1167 2719 ira

138 2780 244 2843 neque
268 2758 383 2844 cupido
406 2759 435 2823 ei
459 2759 553 2823 tribui
576 2765 691 2844 potest.

226 2861 390 2925 Discernit
411 2861 507 2944 igitur
531 2863 702 2946 Gregorius
731 2868 841 2947 aperte
869 2869 1009 2926 mentem
1039 2864 1167 2926 immor·

139 2966 248 3047 talem,
278 2985 360 3048 quae
385 2963 506 3027 homini
530 2965 587 3028 soli
610 2966 767 3046 convenit,
799 2964 839 3029 ab
862 2965 1020 3028 irationali
1041 2965 1167 3029 animae

139 3074 242 3151 parte,
272 3087 354 3150 quae
377 3066 519 3130 mortalis
542 3072 575 3131 et
597 3067 794 3131 extrinsecus
822 3067 914 3130 nobis
943 3065 1181 3151 superinducta·

139 3176 236 3252 atque
261 3167 370 3232 addita
392 3173 441 3232 est
464 3171 515 3246 (61
530 3169 558 3232 B
576 3173 594 3234 6
617 3174 650 3233 et
671 3169 788 3234 4ch
812 3189 884 3233 earn
903 3169 1060 3253 posterius
1075 3168 1167 3232 nobis

139 3271 313 3335 accessisse
332 3270 459 3348 dicit).¹)

227 3373 393 3456 Attamen,
415 3395 610 3457 quamquam
632 3374 776 3439 Platonis
799 3374 839 3438 de
869 3374 994 3438 animae
1024 3373 1167 3458 partibus

140 3475 317 3540 sententias
340 3475 385 3538 ita
408 3475 542 3558 probare
565 3496 629 3539 non
659 3476 735 3558 vult,
764 3478 798 3540 in
827 3476 1041 3561 disputatione
1070 3496 1167 3559 quam

140 3577 258 3643 deinde
281 3577 418 3641 instituit
441 3576 480 3640 de
503 3579 688 3660 rationibus,
711 3600 794 3663 quae
818 3586 892 3643 sunt
919 3580 1003 3644 inter
1030 3579 1167 3643 hominis

140 3682 282 3746 animam
317 3680 448 3763 eiusque
478 3687 584 3764 partes
616 3682 825 3765 irrationales,
852 3682 997 3746 Platonis
1026 3682 1169 3766 sequitur

140 3784 301 3848 doctrinas
324 3803 441 3865 easque
465 3784 525 3848 sibi
547 3784 696 3849 vindicat.

230 4029 251 4095 ¹)
270 4025 360 4080 Simili
386 4027 440 4080 etsi
466 4026 608 4079 contrario
634 4026 716 4079 modo
741 4027 912 4081 Aristoteles
937 4034 1020 4098 putat
1046 4036 1167 4084 mentem

138 4113 221 4184 (νοῦν
240 4145 272 4152 -
292 4131 374 4183 quem
387 4114 473 4184 Nysa.
491 4113 587 4182 ψυχήν
605 4114 741 4183 appellat)
760 4114 946 4168 immortalem
959 4134 1020 4169 csse
1033 4123 1061 4171 ct
1080 4115 1167 4194 θύρα·

138 4201 189 4254 θον
207 4199 390 4254 inhominem
403 4201 528 4267 venisso;
548 4201 670 4253 animam
683 4218 749 4256 vero
768 4200 885 4272 (ψυχήν,
903 4220 987 4274 quarn
999 4205 1084 4271 Nysa.
1097 4206 1167 4258 iram

141 4287 271 4340 nominat
290 4291 318 4340 ct
340 4287 505 4358 cupidinea)
524 4286 663 4362 humanae
682 4287 793 4341 animae
810 4293 930 4343 naturae
949 4291 1108 4346 convenire.
