3042 5084
800 504 1010 567 ,10-

362 661 515 751 ’ἀγαθαῦ
543 667 613 735 ἐστὶ
643 667 680 734 τὸ
704 665 803 734 κακόν
819 720 826 734 .
844 721 851 735 .
870 720 877 734 .
896 663 1070 749 ὀφθαλμὸς
1092 663 1237 752 ἐκτίσθη,
1260 667 1429 752 τυφλστης
1478 684 1480 755 ξ

386 775 423 840 δὲ
446 773 485 860 τῇ
507 767 654 858 α’πωλείφ
678 763 750 838 τῶν
760 765 941 855 ὀφθαλμῶν
961 768 1139 851 ἐπεγένετο.
1174 765 1258 834 ὥστε
1273 769 1303 834 εἰ
1322 765 1368 853 μη
1381 760 1429 853 ἦν
1478 790 1479 815 ³

386 877 535 962 φθαρτῆς
562 872 689 959 φύσεως
719 872 736 938 ὁ
760 868 948 957 ὀφθαλμὸς,
973 866 1029 938 oris
1057 866 1098 937 do
1120 871 1214 952 ἔσχεν
1247 869 1267 958 ἡ
1297 870 1429 956 τυφλό-

380 1002 441 1065 της
488 981 713 1060 παρείσδυσιν.
760 972 846 1042 οὕτω
886 978 938 1040 καὶ
980 974 1018 1041 τό
1053 973 1151 1040 κακὸν
1184 973 1241 1038 οὐκ
1279 973 1314 1038 ἐν
1352 974 1428 1060 ἰδίᾳ

386 1068 524 1165 ὖπάρξει
535 1079 633 1167 ἐστὶν,
647 1079 727 1145 ἀλλὰ
739 1089 807 1151 ταῖς
823 1083 879 1165 τῆς
894 1080 999 1164 ψυχῆς
1014 1077 1425 1171 πηρώμασινζέτιιγίνεταιῑ.

468 1188 603 1263 'Quibus
627 1209 698 1251 oum
722 1187 828 1251 vorbis
844 1186 960 1250 similia
974 1186 1054 1250 haee
1069 1186 1187 1248 Plotini
1203 1184 1427 1269 comparanda

386 1297 476 1356 suut:
510 1290 594 1355 Eun.
617 1291 643 1372 I,
668 1293 771 1373 8,ll:
804 1281 824 1367 ἡ
852 1283 979 1350 ἐναντία
1007 1287 1053 1370 τῷ
1082 1283 1164 1350 εἴδει
1194 1287 1294 1348 ττσνιὶ
1323 1286 1426 1366 φύσις

388 1397 547 1476 στέρησις.
571 1397 718 1472 στέρησις
733 1390 767 1454 δὲ
782 1385 832 1454 ἀεὶ
847 1387 882 1452 ἐν
904 1384 988 1474 ἄλλη
1009 1390 1061 1452 καὶ
1081 1385 1125 1452 ἐπ
1147 1383 1244 1473 αὐτῆς
1265 1384 1324 1466 οὐχ
1342 1383 1426 1452 ὑπό-

387 1512 507 1565 στασις.
553 1488 637 1557 ὥστε
659 1492 697 1558 τὸ
721 1491 821 1556 κακὸν
843 1491 873 1557 εἰ
893 1489 929 1555 ἐν
958 1489 1117 1576 στερήσει,
1146 1489 1181 1555 ἐν
1209 1490 1255 1578 τῷ
1284 1488 1428 1575 ἐστερη-

386 1605 471 1680 μένῳ
511 1596 616 1668 εἴδους
655 1591 693 1661 τὸ
729 1592 830 1660 κακὸν
863 1593 951 1660 ἔσται
1095 1593 1325 1662 οὐδὲν...
1355 1596 1430 1658 δεῖ

387 1697 566 1763 ἄλλοθεν
596 1700 734 1784 ζητεῖν
757 1695 800 1762 τὰ
824 1694 965 1783 κακὸν,
988 1693 1087 1762 σ’λλὰ
1114 1702 1254 1778 θέμενον
1275 1681 1310 1760 ἐν
1333 1685 1427 1781 ψυχῇ

388 1797 470 1868 oliuo
499 1807 621 1867 ἑλέσθαι
653 1797 863 1867 ἀπουσίαν
896 1799 1056 1882 ἀγαθοῦ
1090 1794 1208 1870 εἶναιῆ
1253 1805 1344 1878 Quae
1378 1805 1424 1868 ad

391 1909 557 1995 probanda
572 1910 717 1972 Plotinus
734 1930 859 1992 quoque
882 1908 1074 1992 imaginibus
1097 1908 1287 1992 quibusdam
1302 1909 1421 1972 utitur:

390 2012 416 2094 l,
441 2015 503 2094 8,5
527 2018 749 2096 paupertatem
772 2032 842 2076 esse
865 2011 942 2074 dioit
964 2011 1173 2095 privationem
1196 2031 1317 2093 eorum,
1345 2011 1422 2093 qui-

387 2115 446 2177 bus
470 2135 601 2200 egemus
624 2101 732 2192 (nerlu
756 2161 814 2178 ...
839 2118 987 2195 στέρησις
1009 2097 1054 2173 ὧν
1076 2107 1112 2172 ἐν
1137 2113 1229 2194 χρείη
1250 2097 1361 2192 ἐσμέν)
1386 2119 1423 2175 et

388 2217 625 2282 deformitatem
649 2217 809 2293 delectum
825 2215 985 2300 quendam
1001 2216 1119 2300 speciei
1136 2253 1175 2262 -
1191 2207 1324 2294 αἰσχρὸν
1339 2235 1419 2293 ηαν-

372 2317 549 2410 ταζόμεθα
571 2321 611 2404 τῇ
633 2320 691 2382 τοῦ
714 2317 822 2388 εἴδους
844 2314 988 2400 ἐλλείψει
1009 2355 1050 2362 —
1073 2320 1114 2384 ol.
1136 2319 1164 2401 I,
1187 2323 1217 2401 8,
1230 2321 1267 2401 ὃς
1291 2325 1320 2383 9.

475 2423 536 2487 llla
559 2445 633 2487 vero
657 2424 697 2488 de
721 2424 820 2488 oeulis
844 2423 993 2506 imagine,
1017 2443 1113 2506 quam
1134 2421 1325 2486 Aristoteles
1353 2421 1417 2506 pri-

389 2547 460 2590 mus
485 2526 667 2608 adhibebat,
691 2526 837 2589 Plotinae
868 2546 932 2588 non
962 2526 1070 2589 utitur.
1115 2523 1179 2589 sed
1210 2524 1327 2587 omisso
1356 2524 1416 2586 hoe

388 2628 570 2692 diso-simine
600 2649 793 2712 quamquam
824 2629 919 2711 plane
950 2626 1063 2690 eadem
1093 2631 1142 2691 est
1172 2626 1290 2689 Plotini
1319 2633 1415 2709 atque

367 2733 482 2812 trium
517 2732 642 2795 illorum
674 2733 895 2816 episcoporum
925 2731 966 2795 de
994 2731 1078 2793 malo
1108 2731 1276 2813 sententia,
1308 2737 1416 2794 tamen

387 2835 448 2898 illis
488 2835 683 2918 temporibus
719 2840 885 2918 tantopere
915 2835 1034 2898 usitata
1063 2839 1158 2917 atque
1187 2834 1281 2897 sertis
1310 2833 1415 2897 vorbis

388 2939 478 3023 quasi
510 2940 647 3002 formata
676 2938 775 3001 luisse
808 2938 950 3020 videtur,
979 2946 1016 3001 ut
1044 2958 1116 3002 eam
1146 2959 1187 3002 ex
1217 2937 1345 3000 Plotino
1373 2937 1415 2999 ad

386 3041 542 3105 Basiliam
560 3047 592 3104 et
609 3041 779 3124 Gregorios
794 3061 1000 3124 permanasse
1024 3041 1154 3104 minime
1178 3039 1219 3102 sit
1241 3038 1414 3124 probabile.

386 3145 465 3208 lllae
490 3145 574 3208 enim
599 3143 760 3208 doetrinae
782 3165 823 3208 ex
839 3143 1023 3208 Aristotelis
1039 3144 1079 3207 de
1095 3143 1271 3227 privatione
1287 3143 1415 3206 rationi·

386 3247 445 3310 bus
470 3254 558 3311 ortas
582 3254 664 3311 sunt.
709 3248 742 3310 Is
767 3247 878 3330 Categ.
895 3268 922 3310 o.
944 3251 963 3310 8
986 3247 1226 3331 de-privationo
1250 3245 1414 3330 disputans

389 3350 449 3414 ait:
482 3354 638 3434 ,στέρησις
668 3347 704 3411 δὲ
733 3350 786 3411 καὶ
815 3343 878 3422 ἕξις
907 3348 1030 3426 λέγεται
1050 3346 1108 3426 μὲν
1130 3347 1207 3428 περὶ
1230 3339 1343 3410 ταύτόν
1374 3368 1414 3425 τι,

387 3442 455 3512 οἷον
485 3447 503 3534 ἡ
536 3447 614 3534 ὄψις
639 3452 691 3512 καὶ
713 3446 732 3532 ἡ
754 3447 913 3533 τυφλότης
935 3449 1012 3530 περὶ
1041 3441 1231 3530 ὀφθαλμῶν(
1260 3457 1319 3516 eto.
1343 3501 1351 3514 .
1374 3499 1382 3514 .
1406 3501 1413 3514 .

386 3555 527 3639 Metaph.
546 3554 595 3617 IV
603 3576 629 3618 o.
656 3558 711 3618 22:
735 3551 923 3632 ,ἅνθρωπος
945 3547 962 3613 ὁ
985 3545 1102 3632 τυφλὸς
1126 3546 1233 3625 ὄψεως
1251 3549 1415 3636 ἐστέρηται

309 3662 312 3668 ’
470 3651 489 3739 η
510 3649 569 3735 γὰρ
590 3653 749 3739 τυφλότης
773 3659 1000 3740 στέρησίςττςλ.
1036 3657 1413 3739 camur-[xus.
1478 3658 1480 3684 i

473 3760 647 3824 Praeterea
680 3761 713 3823 in
743 3759 890 3824 Axiooho
917 3760 1056 3844 dialogo,
1090 3761 1144 3843 qui
1179 3760 1259 3823 falso
1289 3760 1415 3824 Platoni

387 3865 542 3947 ascriptus
559 3870 617 3946 est,
640 3863 753 3928 eadem
777 3869 885 3928 exstat
900 3863 1058 3928 sententia
1074 3867 1136 3928 369
1148 3864 1194 3927 E:
1219 3912 1244 3943 ,.
1262 3915 1268 3927 .
1284 3863 1323 3947 τη
1348 3880 1412 3923 στε-

387 3961 478 4048 ρήσει
510 3964 573 4027 saio
602 3958 730 4044 ἀγαθῶν
754 3959 949 4044 ἅντεισάγων
970 3963 1074 4026 κακῶν
1093 3959 1248 4048 ἄισθησιν
1275 3972 1334 4030 eto.
1478 3998 1479 4001 ¹

388 4069 535 4152 Origenis
566 4069 702 4152 denique
732 4070 831 4134 verba
861 4068 1019 4153 quaedam
1047 4067 1192 4132 afferam.
1235 4068 1286 4132 De
1317 4069 1414 4152 prino.

386 4171 430 4253 II,
454 4193 479 4235 e.
503 4171 553 4236 IX
577 4171 697 4254 (Migno
721 4171 748 4254 I,
772 4171 920 4254 227,A):
954 4171 1414 4252 ,cerumest...ma1um

393 4293 462 4337 esse
485 4274 569 4336 bono
592 4295 700 4338 carere
724 4271 783 4319 -“
809 4280 843 4338 et
867 4273 963 4357 paulo
985 4273 1085 4337 infra:
1110 4274 1322 4355 ,eontrarium
1343 4273 1416 4336 boui

1478 4248 1480 4256 l
